PokerStars Hand #196139686364:  6+ Hold'em No Limit (Button Blind $1 - Ante $1  USD) - 2019/01/24 1:34:27 EET [2019/01/23 18:34:27 ET]
Table 'Heidelberga II' 6-max Seat #3 is the button
Seat 1: warbdaniel ($72.20 in chips) 
Seat 2: MrBarrett82 ($269.16 in chips) 
Seat 3: Valkzone ($248.02 in chips) 
Seat 4: gaiggibeliin ($150 in chips) 
Seat 6: jayme1987 ($150 in chips) 
warbdaniel: posts the ante $1
MrBarrett82: posts the ante $1
Valkzone: posts the ante $1
gaiggibeliin: posts the ante $1
jayme1987: posts the ante $1
Valkzone: posts button blind $1
*** HOLE CARDS ***
Dealt to gaiggibeliin [Jd 6d]
gaiggibeliin is connected 
gaiggibeliin: folds 
jayme1987: folds 
warbdaniel: raises $1.50 to $2.50
MrBarrett82: folds 
Valkzone: calls $1.50
*** FLOP *** [Ac 9h 6s]
warbdaniel: checks 
Valkzone: checks 
*** TURN *** [Ac 9h 6s] [6c]
warbdaniel: bets $5.51
Valkzone: calls $5.51
*** RIVER *** [Ac 9h 6s 6c] [9c]
warbdaniel: bets $11.58
Valkzone: raises $23.72 to $35.30
warbdaniel: folds 
Uncalled bet ($23.72) returned to Valkzone
Valkzone collected $41.97 from pot
Valkzone: doesn't show hand 
*** SUMMARY ***
Total pot $44.18 | Rake $2.21 
Board [Ac 9h 6s 6c 9c]
Seat 1: warbdaniel folded on the River
Seat 2: MrBarrett82 folded before Flop (didn't bet)
Seat 3: Valkzone (button blind) collected ($41.97)
Seat 4: gaiggibeliin folded before Flop (didn't bet)
Seat 6: jayme1987 folded before Flop (didn't bet)



PokerStars Hand #196139701567:  6+ Hold'em No Limit (Button Blind $1 - Ante $1  USD) - 2019/01/24 1:34:52 EET [2019/01/23 18:34:52 ET]
Table 'Heidelberga II' 6-max Seat #4 is the button
Seat 1: warbdaniel ($51.61 in chips) 
Seat 2: MrBarrett82 ($268.16 in chips) 
Seat 3: Valkzone ($269.40 in chips) 
Seat 4: gaiggibeliin ($149 in chips) 
Seat 5: dealo ($466.56 in chips) 
Seat 6: jayme1987 ($150 in chips) 
warbdaniel: posts the ante $1
MrBarrett82: posts the ante $1
Valkzone: posts the ante $1
gaiggibeliin: posts the ante $1
dealo: posts the ante $1
jayme1987: posts the ante $1
gaiggibeliin: posts button blind $1
*** HOLE CARDS ***
Dealt to gaiggibeliin [8h As]
dealo: folds 
jayme1987: folds 
warbdaniel: folds 
MrBarrett82: calls $1
Valkzone: calls $1
gaiggibeliin: checks 
*** FLOP *** [6d 9d 9s]
MrBarrett82: checks 
Valkzone: bets $3
gaiggibeliin: folds 
MrBarrett82: folds 
Uncalled bet ($3) returned to Valkzone
Valkzone collected $8.55 from pot
Valkzone: doesn't show hand 
*** SUMMARY ***
Total pot $9 | Rake $0.45 
Board [6d 9d 9s]
Seat 1: warbdaniel folded before Flop (didn't bet)
Seat 2: MrBarrett82 folded on the Flop
Seat 3: Valkzone collected ($8.55)
Seat 4: gaiggibeliin (button blind) folded on the Flop
Seat 5: dealo folded before Flop (didn't bet)
Seat 6: jayme1987 folded before Flop (didn't bet)



PokerStars Hand #196139722913:  6+ Hold'em No Limit (Button Blind $1 - Ante $1  USD) - 2019/01/24 1:35:29 EET [2019/01/23 18:35:29 ET]
Table 'Heidelberga II' 6-max Seat #5 is the button
Seat 1: warbdaniel ($50.61 in chips) 
Seat 2: MrBarrett82 ($266.16 in chips) 
Seat 3: Valkzone ($275.95 in chips) 
Seat 4: gaiggibeliin ($147 in chips) 
Seat 5: dealo ($465.56 in chips) 
Seat 6: jayme1987 ($150 in chips) 
warbdaniel: posts the ante $1
MrBarrett82: posts the ante $1
Valkzone: posts the ante $1
gaiggibeliin: posts the ante $1
dealo: posts the ante $1
jayme1987: posts the ante $1
dealo: posts button blind $1
*** HOLE CARDS ***
Dealt to gaiggibeliin [9h Tc]
jayme1987: raises $6 to $7
warbdaniel: raises $42.61 to $49.61 and is all-in
MrBarrett82: folds 
Valkzone: folds 
gaiggibeliin: folds 
dealo: folds 
jayme1987: calls $42.61
*** FIRST FLOP *** [8h Qd Kh]
*** FIRST TURN *** [8h Qd Kh] [Jh]
*** FIRST RIVER *** [8h Qd Kh Jh] [Qh]
*** SECOND FLOP *** [Td Kd Ad]
*** SECOND TURN *** [Td Kd Ad] [Ts]
*** SECOND RIVER *** [Td Kd Ad Ts] [7s]
*** FIRST SHOW DOWN ***
jayme1987: shows [9s Ks] (two pair, Kings and Queens)
warbdaniel: shows [9c 8c] (two pair, Queens and Eights)
jayme1987 collected $51.74 from pot
*** SECOND SHOW DOWN ***
jayme1987: shows [9s Ks] (two pair, Kings and Tens)
warbdaniel: shows [9c 8c] (a pair of Tens)
jayme1987 collected $51.73 from pot
*** SUMMARY ***
Total pot $106.22 | Rake $2.75 
Hand was run twice
FIRST Board [8h Qd Kh Jh Qh]
SECOND Board [Td Kd Ad Ts 7s]
Seat 1: warbdaniel showed [9c 8c] and lost with two pair, Queens and Eights, and lost with a pair of Tens
Seat 2: MrBarrett82 folded before Flop (didn't bet)
Seat 3: Valkzone folded before Flop (didn't bet)
Seat 4: gaiggibeliin folded before Flop (didn't bet)
Seat 5: dealo (button blind) folded before Flop
Seat 6: jayme1987 showed [9s Ks] and won ($51.74) with two pair, Kings and Queens, and won ($51.73) with two pair, Kings and Tens



PokerStars Hand #196139744363:  6+ Hold'em No Limit (Button Blind $1 - Ante $1  USD) - 2019/01/24 1:36:05 EET [2019/01/23 18:36:05 ET]
Table 'Heidelberga II' 6-max Seat #6 is the button
Seat 2: MrBarrett82 ($265.16 in chips) 
Seat 3: Valkzone ($274.95 in chips) 
Seat 4: gaiggibeliin ($146 in chips) 
Seat 5: dealo ($463.56 in chips) 
Seat 6: jayme1987 ($202.86 in chips) 
MrBarrett82: posts the ante $1
Valkzone: posts the ante $1
gaiggibeliin: posts the ante $1
dealo: posts the ante $1
jayme1987: posts the ante $1
jayme1987: posts button blind $1
*** HOLE CARDS ***
Dealt to gaiggibeliin [6s 8d]
MrBarrett82: calls $1
Valkzone: calls $1
gaiggibeliin: folds 
dealo: folds 
jayme1987: checks 
*** FLOP *** [Ac 8h Ah]
MrBarrett82: checks 
Valkzone: checks 
jayme1987: bets $4.03
MrBarrett82: folds 
Valkzone: folds 
Uncalled bet ($4.03) returned to jayme1987
jayme1987 collected $7.60 from pot
*** SUMMARY ***
Total pot $8 | Rake $0.40 
Board [Ac 8h Ah]
Seat 2: MrBarrett82 folded on the Flop
Seat 3: Valkzone folded on the Flop
Seat 4: gaiggibeliin folded before Flop (didn't bet)
Seat 5: dealo folded before Flop (didn't bet)
Seat 6: jayme1987 (button blind) collected ($7.60)



PokerStars Hand #196139775279:  6+ Hold'em No Limit (Button Blind $1 - Ante $1  USD) - 2019/01/24 1:36:57 EET [2019/01/23 18:36:57 ET]
Table 'Heidelberga II' 6-max Seat #2 is the button
Seat 2: MrBarrett82 ($263.16 in chips) 
Seat 3: Valkzone ($272.95 in chips) 
Seat 4: gaiggibeliin ($145 in chips) 
Seat 5: dealo ($462.56 in chips) 
Seat 6: jayme1987 ($208.46 in chips) 
MrBarrett82: posts the ante $1
Valkzone: posts the ante $1
gaiggibeliin: posts the ante $1
dealo: posts the ante $1
jayme1987: posts the ante $1
MrBarrett82: posts button blind $1
*** HOLE CARDS ***
Dealt to gaiggibeliin [7h Ts]
Valkzone: folds 
gaiggibeliin: folds 
dealo: calls $1
jayme1987: raises $6 to $7
MrBarrett82: calls $6
dealo: calls $6
*** FLOP *** [Qd 6c As]
dealo: checks 
warbdaniel leaves the table
jayme1987: bets $8.15
MrBarrett82: calls $8.15
dealo: folds 
*** TURN *** [Qd 6c As] [Jc]
jayme1987: checks 
MrBarrett82: checks 
*** RIVER *** [Qd 6c As Jc] [7c]
jayme1987: bets $28.93
MrBarrett82: folds 
Uncalled bet ($28.93) returned to jayme1987
jayme1987 collected $40.18 from pot
*** SUMMARY ***
Total pot $42.30 | Rake $2.12 
Board [Qd 6c As Jc 7c]
Seat 2: MrBarrett82 (button blind) folded on the River
Seat 3: Valkzone folded before Flop (didn't bet)
Seat 4: gaiggibeliin folded before Flop (didn't bet)
Seat 5: dealo folded on the Flop
Seat 6: jayme1987 collected ($40.18)



PokerStars Hand #196139828802:  6+ Hold'em No Limit (Button Blind $1 - Ante $1  USD) - 2019/01/24 1:38:28 EET [2019/01/23 18:38:28 ET]
Table 'Heidelberga II' 6-max Seat #3 is the button
Seat 2: MrBarrett82 ($247.01 in chips) 
Seat 3: Valkzone ($271.95 in chips) 
Seat 4: gaiggibeliin ($144 in chips) 
Seat 5: dealo ($454.56 in chips) 
Seat 6: jayme1987 ($232.49 in chips) 
MrBarrett82: posts the ante $1
Valkzone: posts the ante $1
gaiggibeliin: posts the ante $1
dealo: posts the ante $1
jayme1987: posts the ante $1
Valkzone: posts button blind $1
*** HOLE CARDS ***
Dealt to gaiggibeliin [Tc 7s]
gaiggibeliin: folds 
dealo: raises $4 to $5
jayme1987: folds 
MrBarrett82: folds 
Valkzone: folds 
Uncalled bet ($4) returned to dealo
dealo collected $7 from pot
dealo: doesn't show hand 
*** SUMMARY ***
Total pot $7 | Rake $0 
Seat 2: MrBarrett82 folded before Flop (didn't bet)
Seat 3: Valkzone (button blind) folded before Flop
Seat 4: gaiggibeliin folded before Flop (didn't bet)
Seat 5: dealo collected ($7)
Seat 6: jayme1987 folded before Flop (didn't bet)



PokerStars Hand #196139844827:  6+ Hold'em No Limit (Button Blind $1 - Ante $1  USD) - 2019/01/24 1:38:55 EET [2019/01/23 18:38:55 ET]
Table 'Heidelberga II' 6-max Seat #4 is the button
Seat 2: MrBarrett82 ($246.01 in chips) 
Seat 3: Valkzone ($269.95 in chips) 
Seat 4: gaiggibeliin ($143 in chips) 
Seat 5: dealo ($459.56 in chips) 
Seat 6: jayme1987 ($231.49 in chips) 
MrBarrett82: posts the ante $1
Valkzone: posts the ante $1
gaiggibeliin: posts the ante $1
dealo: posts the ante $1
jayme1987: posts the ante $1
gaiggibeliin: posts button blind $1
*** HOLE CARDS ***
Dealt to gaiggibeliin [6s Ah]
dealo: folds 
jayme1987: folds 
MrBarrett82: folds 
nemabob85 joins the table at seat #1 
Valkzone: raises $3.85 to $4.85
gaiggibeliin: calls $3.85
*** FLOP *** [As Ac Kc]
Valkzone: bets $7.68
gaiggibeliin: calls $7.68
*** TURN *** [As Ac Kc] [9s]
Valkzone: bets $15.71
gaiggibeliin: calls $15.71
*** RIVER *** [As Ac Kc 9s] [Ad]
Valkzone: bets $29
gaiggibeliin: raises $29 to $58
Valkzone: calls $29
*** SHOW DOWN ***
gaiggibeliin: shows [6s Ah] (four of a kind, Aces)
Valkzone: mucks hand 
gaiggibeliin collected $174.73 from pot
*** SUMMARY ***
Total pot $177.48 | Rake $2.75 
Board [As Ac Kc 9s Ad]
Seat 2: MrBarrett82 folded before Flop (didn't bet)
Seat 3: Valkzone mucked [Kd Js]
Seat 4: gaiggibeliin (button blind) showed [6s Ah] and won ($174.73) with four of a kind, Aces
Seat 5: dealo folded before Flop (didn't bet)
Seat 6: jayme1987 folded before Flop (didn't bet)



PokerStars Hand #196139885269:  6+ Hold'em No Limit (Button Blind $1 - Ante $1  USD) - 2019/01/24 1:40:04 EET [2019/01/23 18:40:04 ET]
Table 'Heidelberga II' 6-max Seat #5 is the button
Seat 1: nemabob85 ($150 in chips) 
Seat 2: MrBarrett82 ($245.01 in chips) 
Seat 3: Valkzone ($182.71 in chips) 
Seat 4: gaiggibeliin ($230.49 in chips) 
Seat 5: dealo ($458.56 in chips) 
Seat 6: jayme1987 ($230.49 in chips) 
nemabob85: posts the ante $1
MrBarrett82: posts the ante $1
Valkzone: posts the ante $1
gaiggibeliin: posts the ante $1
dealo: posts the ante $1
jayme1987: posts the ante $1
dealo: posts button blind $1
*** HOLE CARDS ***
Dealt to gaiggibeliin [9h Qd]
Valkzone said, "nh"
jayme1987: raises $6 to $7
nemabob85: folds 
MrBarrett82: folds 
Valkzone: folds 
gaiggibeliin: folds 
dealo: folds 
Uncalled bet ($6) returned to jayme1987
jayme1987 collected $8 from pot
*** SUMMARY ***
Total pot $8 | Rake $0 
Seat 1: nemabob85 folded before Flop (didn't bet)
Seat 2: MrBarrett82 folded before Flop (didn't bet)
Seat 3: Valkzone folded before Flop (didn't bet)
Seat 4: gaiggibeliin folded before Flop (didn't bet)
Seat 5: dealo (button blind) folded before Flop
Seat 6: jayme1987 collected ($8)



PokerStars Hand #196139896892:  6+ Hold'em No Limit (Button Blind $1 - Ante $1  USD) - 2019/01/24 1:40:24 EET [2019/01/23 18:40:24 ET]
Table 'Heidelberga II' 6-max Seat #6 is the button
Seat 1: nemabob85 ($149 in chips) 
Seat 2: MrBarrett82 ($244.01 in chips) 
Seat 3: Valkzone ($181.71 in chips) 
Seat 4: gaiggibeliin ($229.49 in chips) 
Seat 5: dealo ($456.56 in chips) 
Seat 6: jayme1987 ($236.49 in chips) 
nemabob85: posts the ante $1
MrBarrett82: posts the ante $1
Valkzone: posts the ante $1
gaiggibeliin: posts the ante $1
dealo: posts the ante $1
jayme1987: posts the ante $1
jayme1987: posts button blind $1
*** HOLE CARDS ***
Dealt to gaiggibeliin [7s 7h]
nemabob85: calls $1
MrBarrett82: calls $1
Valkzone: calls $1
gaiggibeliin: calls $1
dealo: raises $11 to $12
jayme1987: folds 
nemabob85: folds 
MrBarrett82: calls $11
Valkzone: calls $11
gaiggibeliin: calls $11
*** FLOP *** [9c 8s 8c]
MrBarrett82: checks 
Valkzone: checks 
gaiggibeliin: checks 
dealo: bets $23.43
MrBarrett82: folds 
Valkzone: raises $145.28 to $168.71 and is all-in
gaiggibeliin: folds 
dealo: folds 
Uncalled bet ($145.28) returned to Valkzone
Valkzone collected $100.11 from pot
Valkzone: doesn't show hand 
*** SUMMARY ***
Total pot $102.86 | Rake $2.75 
Board [9c 8s 8c]
Seat 1: nemabob85 folded before Flop
Seat 2: MrBarrett82 folded on the Flop
Seat 3: Valkzone collected ($100.11)
Seat 4: gaiggibeliin folded on the Flop
Seat 5: dealo folded on the Flop
Seat 6: jayme1987 (button blind) folded before Flop



PokerStars Hand #196139946524:  6+ Hold'em No Limit (Button Blind $1 - Ante $1  USD) - 2019/01/24 1:41:50 EET [2019/01/23 18:41:50 ET]
Table 'Heidelberga II' 6-max Seat #1 is the button
Seat 1: nemabob85 ($147 in chips) 
Seat 2: MrBarrett82 ($231.01 in chips) 
Seat 3: Valkzone ($245.39 in chips) 
Seat 4: gaiggibeliin ($216.49 in chips) 
Seat 6: jayme1987 ($234.49 in chips) 
nemabob85: posts the ante $1
MrBarrett82: posts the ante $1
Valkzone: posts the ante $1
gaiggibeliin: posts the ante $1
jayme1987: posts the ante $1
nemabob85: posts button blind $1
*** HOLE CARDS ***
Dealt to gaiggibeliin [Td 9s]
MrBarrett82: folds 
Valkzone: raises $2 to $3
gaiggibeliin: calls $3
jayme1987: folds 
nemabob85: calls $2
*** FLOP *** [Js Qd Kd]
Valkzone: checks 
gaiggibeliin: bets $9.98
nemabob85: folds 
Valkzone: calls $9.98
*** TURN *** [Js Qd Kd] [7s]
Valkzone: checks 
gaiggibeliin: bets $24.20
Valkzone: folds 
Uncalled bet ($24.20) returned to gaiggibeliin
gaiggibeliin collected $32.26 from pot
*** SUMMARY ***
Total pot $33.96 | Rake $1.70 
Board [Js Qd Kd 7s]
Seat 1: nemabob85 (button blind) folded on the Flop
Seat 2: MrBarrett82 folded before Flop (didn't bet)
Seat 3: Valkzone folded on the Turn
Seat 4: gaiggibeliin collected ($32.26)
Seat 6: jayme1987 folded before Flop (didn't bet)



PokerStars Hand #196139980513:  6+ Hold'em No Limit (Button Blind $1 - Ante $1  USD) - 2019/01/24 1:42:48 EET [2019/01/23 18:42:48 ET]
Table 'Heidelberga II' 6-max Seat #2 is the button
Seat 1: nemabob85 ($146 in chips) 
Seat 2: MrBarrett82 ($230.01 in chips) 
Seat 3: Valkzone ($231.41 in chips) 
Seat 4: gaiggibeliin ($234.77 in chips) 
Seat 5: dealo ($420.13 in chips) 
Seat 6: jayme1987 ($233.49 in chips) 
nemabob85: posts the ante $1
MrBarrett82: posts the ante $1
Valkzone: posts the ante $1
gaiggibeliin: posts the ante $1
dealo: posts the ante $1
jayme1987: posts the ante $1
MrBarrett82: posts button blind $1
*** HOLE CARDS ***
Dealt to gaiggibeliin [7h 8s]
Valkzone: folds 
gaiggibeliin: folds 
dealo: raises $6 to $7
jayme1987: raises $14 to $21
nemabob85: folds 
MrBarrett82: folds 
dealo: calls $14
*** FLOP *** [Qh 7d 6d]
dealo: checks 
jayme1987: bets $24.67
dealo: calls $24.67
*** TURN *** [Qh 7d 6d] [Ks]
dealo: checks 
jayme1987: checks 
*** RIVER *** [Qh 7d 6d Ks] [Jh]
dealo: checks 
jayme1987: checks 
*** SHOW DOWN ***
dealo: shows [Th Kh] (a pair of Kings)
jayme1987: mucks hand 
dealo collected $95.59 from pot
*** SUMMARY ***
Total pot $98.34 | Rake $2.75 
Board [Qh 7d 6d Ks Jh]
Seat 1: nemabob85 folded before Flop (didn't bet)
Seat 2: MrBarrett82 (button blind) folded before Flop
Seat 3: Valkzone folded before Flop (didn't bet)
Seat 4: gaiggibeliin folded before Flop (didn't bet)
Seat 5: dealo showed [Th Kh] and won ($95.59) with a pair of Kings
Seat 6: jayme1987 mucked [Ad Qs]



PokerStars Hand #196140005675:  6+ Hold'em No Limit (Button Blind $1 - Ante $1  USD) - 2019/01/24 1:43:32 EET [2019/01/23 18:43:32 ET]
Table 'Heidelberga II' 6-max Seat #4 is the button
Seat 1: nemabob85 ($145 in chips) 
Seat 2: MrBarrett82 ($228.01 in chips) 
Seat 4: gaiggibeliin ($233.77 in chips) 
Seat 5: dealo ($469.05 in chips) 
Seat 6: jayme1987 ($186.82 in chips) 
nemabob85: posts the ante $1
MrBarrett82: posts the ante $1
gaiggibeliin: posts the ante $1
dealo: posts the ante $1
jayme1987: posts the ante $1
gaiggibeliin: posts button blind $1
*** HOLE CARDS ***
Dealt to gaiggibeliin [9d Jh]
dealo: folds 
jayme1987: raises $5 to $6
nemabob85: folds 
MrBarrett82: folds 
gaiggibeliin: calls $5
*** FLOP *** [8c As Qd]
jayme1987: bets $8.56
gaiggibeliin: calls $8.56
*** TURN *** [8c As Qd] [Jc]
jayme1987: checks 
gaiggibeliin: checks 
*** RIVER *** [8c As Qd Jc] [Ad]
jayme1987: checks 
gaiggibeliin: checks 
*** SHOW DOWN ***
jayme1987: shows [Kc Qc] (two pair, Aces and Queens)
gaiggibeliin: mucks hand 
jayme1987 collected $32.41 from pot
*** SUMMARY ***
Total pot $34.12 | Rake $1.71 
Board [8c As Qd Jc Ad]
Seat 1: nemabob85 folded before Flop (didn't bet)
Seat 2: MrBarrett82 folded before Flop (didn't bet)
Seat 4: gaiggibeliin (button blind) mucked [9d Jh]
Seat 5: dealo folded before Flop (didn't bet)
Seat 6: jayme1987 showed [Kc Qc] and won ($32.41) with two pair, Aces and Queens



PokerStars Hand #196140045504:  6+ Hold'em No Limit (Button Blind $1 - Ante $1  USD) - 2019/01/24 1:44:41 EET [2019/01/23 18:44:41 ET]
Table 'Heidelberga II' 6-max Seat #5 is the button
Seat 1: nemabob85 ($144 in chips) 
Seat 2: MrBarrett82 ($227.01 in chips) 
Seat 4: gaiggibeliin ($218.21 in chips) 
Seat 5: dealo ($468.05 in chips) 
Seat 6: jayme1987 ($203.67 in chips) 
nemabob85: posts the ante $1
MrBarrett82: posts the ante $1
gaiggibeliin: posts the ante $1
dealo: posts the ante $1
jayme1987: posts the ante $1
dealo: posts button blind $1
*** HOLE CARDS ***
Dealt to gaiggibeliin [9s 7c]
jayme1987: raises $5 to $6
nemabob85: calls $6
MrBarrett82: folds 
gaiggibeliin: folds 
dealo: calls $5
*** FLOP *** [9h 7h 8s]
jayme1987: checks 
nemabob85: checks 
dealo: bets $9.61
jayme1987: calls $9.61
nemabob85: folds 
*** TURN *** [9h 7h 8s] [9c]
jayme1987: checks 
dealo: checks 
*** RIVER *** [9h 7h 8s 9c] [Jc]
jayme1987: checks 
dealo: checks 
*** SHOW DOWN ***
jayme1987: shows [6d 6s] (two pair, Nines and Sixes)
dealo: shows [6h Ad] (a straight, Ace to Nine)
dealo collected $40.11 from pot
*** SUMMARY ***
Total pot $42.22 | Rake $2.11 
Board [9h 7h 8s 9c Jc]
Seat 1: nemabob85 folded on the Flop
Seat 2: MrBarrett82 folded before Flop (didn't bet)
Seat 4: gaiggibeliin folded before Flop (didn't bet)
Seat 5: dealo (button blind) showed [6h Ad] and won ($40.11) with a straight, Ace to Nine
Seat 6: jayme1987 showed [6d 6s] and lost with two pair, Nines and Sixes



PokerStars Hand #196140070693:  6+ Hold'em No Limit (Button Blind $1 - Ante $1  USD) - 2019/01/24 1:45:25 EET [2019/01/23 18:45:25 ET]
Table 'Heidelberga II' 6-max Seat #6 is the button
Seat 1: nemabob85 ($137 in chips) 
Seat 2: MrBarrett82 ($226.01 in chips) 
Seat 3: Valkzone ($230.41 in chips) 
Seat 4: gaiggibeliin ($217.21 in chips) 
Seat 5: dealo ($491.55 in chips) 
Seat 6: jayme1987 ($187.06 in chips) 
nemabob85: posts the ante $1
MrBarrett82: posts the ante $1
Valkzone: posts the ante $1
gaiggibeliin: posts the ante $1
dealo: posts the ante $1
jayme1987: posts the ante $1
jayme1987: posts button blind $1
Valkzone: posts big blind $1
*** HOLE CARDS ***
Dealt to gaiggibeliin [Js Kd]
nemabob85: raises $6 to $7
MrBarrett82: folds 
Valkzone: folds 
gaiggibeliin: folds 
dealo: folds 
jayme1987: folds 
Uncalled bet ($6) returned to nemabob85
nemabob85 collected $9 from pot
nemabob85: doesn't show hand 
*** SUMMARY ***
Total pot $9 | Rake $0 
Seat 1: nemabob85 collected ($9)
Seat 2: MrBarrett82 folded before Flop (didn't bet)
Seat 3: Valkzone folded before Flop (didn't bet)
Seat 4: gaiggibeliin folded before Flop (didn't bet)
Seat 5: dealo folded before Flop (didn't bet)
Seat 6: jayme1987 (button blind) folded before Flop



PokerStars Hand #196140090210:  6+ Hold'em No Limit (Button Blind $1 - Ante $1  USD) - 2019/01/24 1:45:59 EET [2019/01/23 18:45:59 ET]
Table 'Heidelberga II' 6-max Seat #2 is the button
Seat 2: MrBarrett82 ($225.01 in chips) 
Seat 3: Valkzone ($228.41 in chips) 
Seat 4: gaiggibeliin ($216.21 in chips) 
Seat 5: dealo ($490.55 in chips) 
Seat 6: jayme1987 ($185.06 in chips) 
MrBarrett82: posts the ante $1
Valkzone: posts the ante $1
gaiggibeliin: posts the ante $1
dealo: posts the ante $1
jayme1987: posts the ante $1
MrBarrett82: posts button blind $1
*** HOLE CARDS ***
Dealt to gaiggibeliin [7c Js]
nemabob85 leaves the table
Valkzone: raises $3.85 to $4.85
gaiggibeliin: folds 
dealo: calls $4.85
jayme1987: raises $11.15 to $16
MrBarrett82: folds 
Valkzone: calls $11.15
dealo: calls $11.15
*** FLOP *** [9d 7s Kd]
Valkzone: checks 
dealo: checks 
jayme1987: bets $27.19
Valkzone: calls $27.19
dealo: folds 
*** TURN *** [9d 7s Kd] [Th]
Valkzone: checks 
jayme1987: bets $34.86
Valkzone: calls $34.86
*** RIVER *** [9d 7s Kd Th] [Qs]
Valkzone: bets $149.36 and is all-in
jayme1987: folds 
Uncalled bet ($149.36) returned to Valkzone
Valkzone collected $175.35 from pot
Valkzone: doesn't show hand 
*** SUMMARY ***
Total pot $178.10 | Rake $2.75 
Board [9d 7s Kd Th Qs]
Seat 2: MrBarrett82 (button blind) folded before Flop
Seat 3: Valkzone collected ($175.35)
Seat 4: gaiggibeliin folded before Flop (didn't bet)
Seat 5: dealo folded on the Flop
Seat 6: jayme1987 folded on the River



PokerStars Hand #196140136756:  6+ Hold'em No Limit (Button Blind $1 - Ante $1  USD) - 2019/01/24 1:47:20 EET [2019/01/23 18:47:20 ET]
Table 'Heidelberga II' 6-max Seat #3 is the button
Seat 2: MrBarrett82 ($223.01 in chips) 
Seat 3: Valkzone ($324.71 in chips) 
Seat 4: gaiggibeliin ($215.21 in chips) 
Seat 5: dealo ($473.55 in chips) 
Seat 6: jayme1987 ($150 in chips) 
MrBarrett82: posts the ante $1
Valkzone: posts the ante $1
gaiggibeliin: posts the ante $1
dealo: posts the ante $1
jayme1987: posts the ante $1
Valkzone: posts button blind $1
*** HOLE CARDS ***
Dealt to gaiggibeliin [8c Ad]
gaiggibeliin: folds 
dealo: folds 
jayme1987: raises $5 to $6
MrBarrett82: calls $6
Valkzone: calls $5
*** FLOP *** [7s Jc Kc]
jayme1987: checks 
MrBarrett82: checks 
Valkzone: checks 
*** TURN *** [7s Jc Kc] [7h]
jayme1987: checks 
MrBarrett82: bets $18
Valkzone: folds 
jayme1987: folds 
Uncalled bet ($18) returned to MrBarrett82
MrBarrett82 collected $21.85 from pot
MrBarrett82: doesn't show hand 
*** SUMMARY ***
Total pot $23 | Rake $1.15 
Board [7s Jc Kc 7h]
Seat 2: MrBarrett82 collected ($21.85)
Seat 3: Valkzone (button blind) folded on the Turn
Seat 4: gaiggibeliin folded before Flop (didn't bet)
Seat 5: dealo folded before Flop (didn't bet)
Seat 6: jayme1987 folded on the Turn



PokerStars Hand #196140171957:  6+ Hold'em No Limit (Button Blind $1 - Ante $1  USD) - 2019/01/24 1:48:21 EET [2019/01/23 18:48:21 ET]
Table 'Heidelberga II' 6-max Seat #4 is the button
Seat 2: MrBarrett82 ($237.86 in chips) 
Seat 3: Valkzone ($317.71 in chips) 
Seat 4: gaiggibeliin ($214.21 in chips) 
Seat 5: dealo ($472.55 in chips) 
Seat 6: jayme1987 ($150 in chips) 
MrBarrett82: posts the ante $1
Valkzone: posts the ante $1
gaiggibeliin: posts the ante $1
dealo: posts the ante $1
jayme1987: posts the ante $1
gaiggibeliin: posts button blind $1
*** HOLE CARDS ***
Dealt to gaiggibeliin [9c 7h]
dealo: folds 
jayme1987: folds 
MrBarrett82: calls $1
Valkzone: calls $1
gaiggibeliin: checks 
*** FLOP *** [Ts 7d Jc]
MrBarrett82: checks 
Valkzone: checks 
gaiggibeliin: bets $5.09
MrBarrett82: calls $5.09
Valkzone: folds 
*** TURN *** [Ts 7d Jc] [6s]
MrBarrett82: checks 
gaiggibeliin: bets $14
MrBarrett82: folds 
Uncalled bet ($14) returned to gaiggibeliin
gaiggibeliin collected $17.27 from pot
*** SUMMARY ***
Total pot $18.18 | Rake $0.91 
Board [Ts 7d Jc 6s]
Seat 2: MrBarrett82 folded on the Turn
Seat 3: Valkzone folded on the Flop
Seat 4: gaiggibeliin (button blind) collected ($17.27)
Seat 5: dealo folded before Flop (didn't bet)
Seat 6: jayme1987 folded before Flop (didn't bet)



PokerStars Hand #196140205808:  6+ Hold'em No Limit (Button Blind $1 - Ante $1  USD) - 2019/01/24 1:49:21 EET [2019/01/23 18:49:21 ET]
Table 'Heidelberga II' 6-max Seat #5 is the button
Seat 2: MrBarrett82 ($230.77 in chips) 
Seat 3: Valkzone ($315.71 in chips) 
Seat 4: gaiggibeliin ($224.39 in chips) 
Seat 5: dealo ($471.55 in chips) 
Seat 6: jayme1987 ($150 in chips) 
MrBarrett82: posts the ante $1
Valkzone: posts the ante $1
gaiggibeliin: posts the ante $1
dealo: posts the ante $1
jayme1987: posts the ante $1
dealo: posts button blind $1
*** HOLE CARDS ***
Dealt to gaiggibeliin [7c Ad]
jayme1987: folds 
MrBarrett82: folds 
Valkzone: raises $3 to $4
gaiggibeliin: folds 
dealo: raises $9 to $13
Valkzone: calls $9
*** FLOP *** [Td Js 7s]
Valkzone: checks 
first_time82 joins the table at seat #1 
dealo: bets $16.49
Valkzone: calls $16.49
*** TURN *** [Td Js 7s] [9h]
Valkzone: bets $27
dealo: folds 
Uncalled bet ($27) returned to Valkzone
Valkzone collected $61.23 from pot
Valkzone: doesn't show hand 
*** SUMMARY ***
Total pot $63.98 | Rake $2.75 
Board [Td Js 7s 9h]
Seat 2: MrBarrett82 folded before Flop (didn't bet)
Seat 3: Valkzone collected ($61.23)
Seat 4: gaiggibeliin folded before Flop (didn't bet)
Seat 5: dealo (button blind) folded on the Turn
Seat 6: jayme1987 folded before Flop (didn't bet)



PokerStars Hand #196140238461:  6+ Hold'em No Limit (Button Blind $1 - Ante $1  USD) - 2019/01/24 1:50:18 EET [2019/01/23 18:50:18 ET]
Table 'Heidelberga II' 6-max Seat #6 is the button
Seat 1: first_time82 ($100 in chips) 
Seat 2: MrBarrett82 ($229.77 in chips) 
Seat 3: Valkzone ($346.45 in chips) 
Seat 4: gaiggibeliin ($223.39 in chips) 
Seat 5: dealo ($441.06 in chips) 
Seat 6: jayme1987 ($150 in chips) 
first_time82: posts the ante $1
MrBarrett82: posts the ante $1
Valkzone: posts the ante $1
gaiggibeliin: posts the ante $1
dealo: posts the ante $1
jayme1987: posts the ante $1
jayme1987: posts button blind $1
*** HOLE CARDS ***
Dealt to gaiggibeliin [8c Qh]
first_time82: calls $1
MrBarrett82: folds 
Valkzone: raises $4 to $5
gaiggibeliin: folds 
dealo: folds 
jayme1987: folds 
first_time82: calls $4
*** FLOP *** [9d Ad 8s]
first_time82: checks 
Valkzone: bets $8
first_time82: calls $8
*** TURN *** [9d Ad 8s] [6s]
first_time82: checks 
Valkzone: checks 
*** RIVER *** [9d Ad 8s 6s] [Qd]
first_time82: bets $31.35
Valkzone: folds [As]
Uncalled bet ($31.35) returned to first_time82
first_time82 collected $31.35 from pot
*** SUMMARY ***
Total pot $33 | Rake $1.65 
Board [9d Ad 8s 6s Qd]
Seat 1: first_time82 collected ($31.35)
Seat 2: MrBarrett82 folded before Flop (didn't bet)
Seat 3: Valkzone folded on the River
Seat 4: gaiggibeliin folded before Flop (didn't bet)
Seat 5: dealo folded before Flop (didn't bet)
Seat 6: jayme1987 (button blind) folded before Flop



PokerStars Hand #196140269150:  6+ Hold'em No Limit (Button Blind $1 - Ante $1  USD) - 2019/01/24 1:51:12 EET [2019/01/23 18:51:12 ET]
Table 'Heidelberga II' 6-max Seat #1 is the button
Seat 1: first_time82 ($117.35 in chips) 
Seat 2: MrBarrett82 ($228.77 in chips) 
Seat 3: Valkzone ($332.45 in chips) 
Seat 4: gaiggibeliin ($222.39 in chips) 
Seat 5: dealo ($440.06 in chips) 
Seat 6: jayme1987 ($150 in chips) 
first_time82: posts the ante $1
MrBarrett82: posts the ante $1
Valkzone: posts the ante $1
gaiggibeliin: posts the ante $1
dealo: posts the ante $1
jayme1987: posts the ante $1
first_time82: posts button blind $1
*** HOLE CARDS ***
Dealt to gaiggibeliin [As 6c]
MrBarrett82: folds 
Valkzone: folds 
gaiggibeliin: folds 
dealo: folds 
jayme1987: calls $1
first_time82: raises $8 to $9
jayme1987: folds 
Uncalled bet ($8) returned to first_time82
first_time82 collected $8 from pot
*** SUMMARY ***
Total pot $8 | Rake $0 
Seat 1: first_time82 (button blind) collected ($8)
Seat 2: MrBarrett82 folded before Flop (didn't bet)
Seat 3: Valkzone folded before Flop (didn't bet)
Seat 4: gaiggibeliin folded before Flop (didn't bet)
Seat 5: dealo folded before Flop (didn't bet)
Seat 6: jayme1987 folded before Flop



PokerStars Hand #196140283502:  6+ Hold'em No Limit (Button Blind $1 - Ante $1  USD) - 2019/01/24 1:51:37 EET [2019/01/23 18:51:37 ET]
Table 'Heidelberga II' 6-max Seat #2 is the button
Seat 1: first_time82 ($123.35 in chips) 
Seat 2: MrBarrett82 ($227.77 in chips) 
Seat 3: Valkzone ($331.45 in chips) 
Seat 4: gaiggibeliin ($221.39 in chips) 
Seat 5: dealo ($439.06 in chips) 
Seat 6: jayme1987 ($150 in chips) 
first_time82: posts the ante $1
MrBarrett82: posts the ante $1
Valkzone: posts the ante $1
gaiggibeliin: posts the ante $1
dealo: posts the ante $1
jayme1987: posts the ante $1
MrBarrett82: posts button blind $1
*** HOLE CARDS ***
Dealt to gaiggibeliin [Jh Qd]
Valkzone: folds 
gaiggibeliin: calls $1
dealo: folds 
jayme1987: folds 
first_time82: calls $1
MrBarrett82: checks 
*** FLOP *** [7h Kc 8d]
gaiggibeliin: checks 
first_time82: checks 
MrBarrett82: bets $5
gaiggibeliin: folds 
first_time82: folds 
Uncalled bet ($5) returned to MrBarrett82
MrBarrett82 collected $8.55 from pot
MrBarrett82: doesn't show hand 
*** SUMMARY ***
Total pot $9 | Rake $0.45 
Board [7h Kc 8d]
Seat 1: first_time82 folded on the Flop
Seat 2: MrBarrett82 (button blind) collected ($8.55)
Seat 3: Valkzone folded before Flop (didn't bet)
Seat 4: gaiggibeliin folded on the Flop
Seat 5: dealo folded before Flop (didn't bet)
Seat 6: jayme1987 folded before Flop (didn't bet)



PokerStars Hand #196140303671:  6+ Hold'em No Limit (Button Blind $1 - Ante $1  USD) - 2019/01/24 1:52:13 EET [2019/01/23 18:52:13 ET]
Table 'Heidelberga II' 6-max Seat #3 is the button
Seat 1: first_time82 ($121.35 in chips) 
Seat 2: MrBarrett82 ($234.32 in chips) 
Seat 3: Valkzone ($330.45 in chips) 
Seat 4: gaiggibeliin ($219.39 in chips) 
Seat 5: dealo ($438.06 in chips) 
Seat 6: jayme1987 ($150 in chips) 
first_time82: posts the ante $1
MrBarrett82: posts the ante $1
Valkzone: posts the ante $1
gaiggibeliin: posts the ante $1
dealo: posts the ante $1
jayme1987: posts the ante $1
Valkzone: posts button blind $1
*** HOLE CARDS ***
Dealt to gaiggibeliin [Qc 7c]
gaiggibeliin: folds 
dealo: folds 
jayme1987: folds 
first_time82: raises $2 to $3
MrBarrett82: folds 
Valkzone: calls $2
*** FLOP *** [9s 7s 9c]
first_time82: checks 
Valkzone: checks 
*** TURN *** [9s 7s 9c] [Kd]
first_time82: checks 
Valkzone: bets $6.27
first_time82: calls $6.27
*** RIVER *** [9s 7s 9c Kd] [Jh]
first_time82: checks 
Valkzone: bets $12.82
first_time82: folds 
Uncalled bet ($12.82) returned to Valkzone
Valkzone collected $23.31 from pot
Valkzone: doesn't show hand 
*** SUMMARY ***
Total pot $24.54 | Rake $1.23 
Board [9s 7s 9c Kd Jh]
Seat 1: first_time82 folded on the River
Seat 2: MrBarrett82 folded before Flop (didn't bet)
Seat 3: Valkzone (button blind) collected ($23.31)
Seat 4: gaiggibeliin folded before Flop (didn't bet)
Seat 5: dealo folded before Flop (didn't bet)
Seat 6: jayme1987 folded before Flop (didn't bet)



PokerStars Hand #196140325453:  6+ Hold'em No Limit (Button Blind $1 - Ante $1  USD) - 2019/01/24 1:52:52 EET [2019/01/23 18:52:52 ET]
Table 'Heidelberga II' 6-max Seat #4 is the button
Seat 1: first_time82 ($111.08 in chips) 
Seat 2: MrBarrett82 ($233.32 in chips) 
Seat 3: Valkzone ($343.49 in chips) 
Seat 4: gaiggibeliin ($218.39 in chips) 
Seat 5: dealo ($437.06 in chips) 
Seat 6: jayme1987 ($150 in chips) 
first_time82: posts the ante $1
MrBarrett82: posts the ante $1
Valkzone: posts the ante $1
gaiggibeliin: posts the ante $1
dealo: posts the ante $1
jayme1987: posts the ante $1
gaiggibeliin: posts button blind $1
*** HOLE CARDS ***
Dealt to gaiggibeliin [Kc 6c]
dealo: folds 
jayme1987: folds 
first_time82: raises $2 to $3
MrBarrett82: calls $3
Valkzone: folds 
gaiggibeliin: calls $2
*** FLOP *** [As Tc Qd]
first_time82: checks 
MrBarrett82: checks 
gaiggibeliin: checks 
*** TURN *** [As Tc Qd] [Ad]
first_time82: checks 
MrBarrett82: checks 
gaiggibeliin: checks 
*** RIVER *** [As Tc Qd Ad] [9s]
first_time82: checks 
MrBarrett82: checks 
gaiggibeliin: checks 
*** SHOW DOWN ***
first_time82: shows [6h Th] (two pair, Aces and Tens)
MrBarrett82: mucks hand 
gaiggibeliin: mucks hand 
first_time82 collected $14.25 from pot
*** SUMMARY ***
Total pot $15 | Rake $0.75 
Board [As Tc Qd Ad 9s]
Seat 1: first_time82 showed [6h Th] and won ($14.25) with two pair, Aces and Tens
Seat 2: MrBarrett82 mucked [7c 7d]
Seat 3: Valkzone folded before Flop (didn't bet)
Seat 4: gaiggibeliin (button blind) mucked [Kc 6c]
Seat 5: dealo folded before Flop (didn't bet)
Seat 6: jayme1987 folded before Flop (didn't bet)



PokerStars Hand #196140362885:  6+ Hold'em No Limit (Button Blind $1 - Ante $1  USD) - 2019/01/24 1:53:59 EET [2019/01/23 18:53:59 ET]
Table 'Heidelberga II' 6-max Seat #5 is the button
Seat 1: first_time82 ($121.33 in chips) 
Seat 2: MrBarrett82 ($229.32 in chips) 
Seat 3: Valkzone ($342.49 in chips) 
Seat 4: gaiggibeliin ($214.39 in chips) 
Seat 5: dealo ($436.06 in chips) 
Seat 6: jayme1987 ($150 in chips) 
first_time82: posts the ante $1
MrBarrett82: posts the ante $1
Valkzone: posts the ante $1
gaiggibeliin: posts the ante $1
dealo: posts the ante $1
jayme1987: posts the ante $1
dealo: posts button blind $1
*** HOLE CARDS ***
Dealt to gaiggibeliin [Qs 7s]
jayme1987: raises $6 to $7
first_time82: folds 
MrBarrett82: calls $7
Valkzone: folds 
gaiggibeliin: folds 
dealo: calls $6
*** FLOP *** [9s 9c 6c]
jayme1987: checks 
MrBarrett82: checks 
dealo: checks 
*** TURN *** [9s 9c 6c] [9h]
jayme1987: bets $18.47
MrBarrett82: folds 
dealo: calls $18.47
*** RIVER *** [9s 9c 6c 9h] [Ks]
jayme1987: bets $44.06
dealo: folds 
Uncalled bet ($44.06) returned to jayme1987
jayme1987 collected $61.19 from pot
*** SUMMARY ***
Total pot $63.94 | Rake $2.75 
Board [9s 9c 6c 9h Ks]
Seat 1: first_time82 folded before Flop (didn't bet)
Seat 2: MrBarrett82 folded on the Turn
Seat 3: Valkzone folded before Flop (didn't bet)
Seat 4: gaiggibeliin folded before Flop (didn't bet)
Seat 5: dealo (button blind) folded on the River
Seat 6: jayme1987 collected ($61.19)



PokerStars Hand #196140406282:  6+ Hold'em No Limit (Button Blind $1 - Ante $1  USD) - 2019/01/24 1:55:21 EET [2019/01/23 18:55:21 ET]
Table 'Heidelberga II' 6-max Seat #6 is the button
Seat 1: first_time82 ($120.33 in chips) 
Seat 2: MrBarrett82 ($221.32 in chips) 
Seat 3: Valkzone ($341.49 in chips) 
Seat 4: gaiggibeliin ($213.39 in chips) 
Seat 5: dealo ($409.59 in chips) 
Seat 6: jayme1987 ($184.72 in chips) 
first_time82: posts the ante $1
MrBarrett82: posts the ante $1
Valkzone: posts the ante $1
gaiggibeliin: posts the ante $1
dealo: posts the ante $1
jayme1987: posts the ante $1
jayme1987: posts button blind $1
*** HOLE CARDS ***
Dealt to gaiggibeliin [6s Kd]
first_time82: folds 
MrBarrett82: folds 
Valkzone: folds 
gaiggibeliin: folds 
dealo: folds 
Uncalled bet ($1) returned to jayme1987
jayme1987 collected $6 from pot
*** SUMMARY ***
Total pot $6 | Rake $0 
Seat 1: first_time82 folded before Flop (didn't bet)
Seat 2: MrBarrett82 folded before Flop (didn't bet)
Seat 3: Valkzone folded before Flop (didn't bet)
Seat 4: gaiggibeliin folded before Flop (didn't bet)
Seat 5: dealo folded before Flop (didn't bet)
Seat 6: jayme1987 (button blind) collected ($6)



PokerStars Hand #196140416042:  6+ Hold'em No Limit (Button Blind $1 - Ante $1  USD) - 2019/01/24 1:55:42 EET [2019/01/23 18:55:42 ET]
Table 'Heidelberga II' 6-max Seat #1 is the button
Seat 1: first_time82 ($119.33 in chips) 
Seat 2: MrBarrett82 ($220.32 in chips) 
Seat 3: Valkzone ($340.49 in chips) 
Seat 4: gaiggibeliin ($212.39 in chips) 
Seat 5: dealo ($408.59 in chips) 
Seat 6: jayme1987 ($189.72 in chips) 
first_time82: posts the ante $1
MrBarrett82: posts the ante $1
Valkzone: posts the ante $1
gaiggibeliin: posts the ante $1
dealo: posts the ante $1
jayme1987: posts the ante $1
first_time82: posts button blind $1
*** HOLE CARDS ***
Dealt to gaiggibeliin [9h Jh]
MrBarrett82: calls $1
Valkzone: calls $1
gaiggibeliin: calls $1
dealo: folds 
jayme1987: raises $11 to $12
first_time82: folds 
MrBarrett82: calls $11
Valkzone: calls $11
gaiggibeliin: calls $11
*** FLOP *** [Ah Tc Qc]
MrBarrett82: checks 
Valkzone: checks 
gaiggibeliin: checks 
jayme1987: checks 
*** TURN *** [Ah Tc Qc] [Js]
MrBarrett82: checks 
Valkzone: checks 
gaiggibeliin: checks 
jayme1987: checks 
*** RIVER *** [Ah Tc Qc Js] [8h]
dealo leaves the table
MrBarrett82: checks 
Valkzone: checks 
gaiggibeliin: bets $91
jayme1987: folds 
MrBarrett82: folds 
Valkzone: folds 
Uncalled bet ($91) returned to gaiggibeliin
gaiggibeliin collected $52.25 from pot
*** SUMMARY ***
Total pot $55 | Rake $2.75 
Board [Ah Tc Qc Js 8h]
Seat 1: first_time82 (button blind) folded before Flop
Seat 2: MrBarrett82 folded on the River
Seat 3: Valkzone folded on the River
Seat 4: gaiggibeliin collected ($52.25)
Seat 5: dealo folded before Flop (didn't bet)
Seat 6: jayme1987 folded on the River



PokerStars Hand #196140473844:  6+ Hold'em No Limit (Button Blind $1 - Ante $1  USD) - 2019/01/24 1:57:49 EET [2019/01/23 18:57:49 ET]
Table 'Heidelberga II' 6-max Seat #2 is the button
Seat 1: first_time82 ($117.33 in chips) 
Seat 2: MrBarrett82 ($207.32 in chips) 
Seat 3: Valkzone ($327.49 in chips) 
Seat 4: gaiggibeliin ($251.64 in chips) 
Seat 6: jayme1987 ($176.72 in chips) 
first_time82: posts the ante $1
MrBarrett82: posts the ante $1
Valkzone: posts the ante $1
gaiggibeliin: posts the ante $1
jayme1987: posts the ante $1
MrBarrett82: posts button blind $1
*** HOLE CARDS ***
Dealt to gaiggibeliin [7s 6s]
Valkzone: folds 
gaiggibeliin: calls $1
jayme1987: folds 
Sssugarmannn joins the table at seat #5 
first_time82: raises $8 to $9
MrBarrett82: folds 
gaiggibeliin: calls $8
*** FLOP *** [As Qs 6c]
gaiggibeliin: checks 
first_time82: checks 
*** TURN *** [As Qs 6c] [6h]
gaiggibeliin: bets $15.28
first_time82: folds 
Uncalled bet ($15.28) returned to gaiggibeliin
gaiggibeliin collected $22.80 from pot
*** SUMMARY ***
Total pot $24 | Rake $1.20 
Board [As Qs 6c 6h]
Seat 1: first_time82 folded on the Turn
Seat 2: MrBarrett82 (button blind) folded before Flop
Seat 3: Valkzone folded before Flop (didn't bet)
Seat 4: gaiggibeliin collected ($22.80)
Seat 6: jayme1987 folded before Flop (didn't bet)



PokerStars Hand #196140512899:  6+ Hold'em No Limit (Button Blind $1 - Ante $1  USD) - 2019/01/24 1:59:15 EET [2019/01/23 18:59:15 ET]
Table 'Heidelberga II' 6-max Seat #3 is the button
Seat 1: first_time82 ($107.33 in chips) 
Seat 2: MrBarrett82 ($205.32 in chips) 
Seat 3: Valkzone ($326.49 in chips) 
Seat 4: gaiggibeliin ($264.44 in chips) 
Seat 5: Sssugarmannn ($100 in chips) 
Seat 6: jayme1987 ($175.72 in chips) 
first_time82: posts the ante $1
MrBarrett82: posts the ante $1
Valkzone: posts the ante $1
gaiggibeliin: posts the ante $1
Sssugarmannn: posts the ante $1
jayme1987: posts the ante $1
Valkzone: posts button blind $1
*** HOLE CARDS ***
Dealt to gaiggibeliin [6c 7s]
gaiggibeliin: folds 
Sssugarmannn: raises $3 to $4
jayme1987: raises $8 to $12
first_time82: calls $12
MrBarrett82: calls $12
Valkzone: calls $11
Sssugarmannn: calls $8
*** FLOP *** [Kd 9d Tc]
Sssugarmannn: checks 
jayme1987: bets $33.52
first_time82: folds 
MrBarrett82: raises $158.80 to $192.32 and is all-in
Valkzone: folds 
Sssugarmannn: folds 
jayme1987: calls $129.20 and is all-in
Uncalled bet ($29.60) returned to MrBarrett82
*** TURN *** [Kd 9d Tc] [Jh]
*** RIVER *** [Kd 9d Tc Jh] [7h]
*** SHOW DOWN ***
jayme1987: shows [Ah As] (a pair of Aces)
MrBarrett82: shows [Jd Td] (two pair, Jacks and Tens)
MrBarrett82 collected $388.69 from pot
*** SUMMARY ***
Total pot $391.44 | Rake $2.75 
Board [Kd 9d Tc Jh 7h]
Seat 1: first_time82 folded on the Flop
Seat 2: MrBarrett82 showed [Jd Td] and won ($388.69) with two pair, Jacks and Tens
Seat 3: Valkzone (button blind) folded on the Flop
Seat 4: gaiggibeliin folded before Flop (didn't bet)
Seat 5: Sssugarmannn folded on the Flop
Seat 6: jayme1987 showed [Ah As] and lost with a pair of Aces



PokerStars Hand #196140560705:  6+ Hold'em No Limit (Button Blind $1 - Ante $1  USD) - 2019/01/24 2:00:54 EET [2019/01/23 19:00:54 ET]
Table 'Heidelberga II' 6-max Seat #4 is the button
Seat 1: first_time82 ($94.33 in chips) 
Seat 2: MrBarrett82 ($418.29 in chips) 
Seat 3: Valkzone ($313.49 in chips) 
Seat 4: gaiggibeliin ($263.44 in chips) 
Seat 5: Sssugarmannn ($87 in chips) 
Seat 6: jayme1987 ($150 in chips) 
first_time82: posts the ante $1
MrBarrett82: posts the ante $1
Valkzone: posts the ante $1
gaiggibeliin: posts the ante $1
Sssugarmannn: posts the ante $1
jayme1987: posts the ante $1
gaiggibeliin: posts button blind $1
*** HOLE CARDS ***
Dealt to gaiggibeliin [8c 7s]
Sssugarmannn: calls $1
jayme1987: raises $7 to $8
Sssugarmannn said, "wow"
first_time82: folds 
MrBarrett82: folds 
Valkzone: folds 
Valkzone said, "j10 suited best hand in 6+"
gaiggibeliin: calls $7
Sssugarmannn: calls $7
*** FLOP *** [Ad Ks 9h]
Sssugarmannn: checks 
jayme1987: bets $9.41
gaiggibeliin: folds 
Sssugarmannn: calls $9.41
*** TURN *** [Ad Ks 9h] [6h]
Sssugarmannn: checks 
jayme1987: bets $15.31
Sssugarmannn: calls $15.31
*** RIVER *** [Ad Ks 9h 6h] [Js]
Sssugarmannn: bets $38.35
jayme1987: raises $38.35 to $76.70
Sssugarmannn: calls $14.93 and is all-in
Uncalled bet ($23.42) returned to jayme1987
*** SHOW DOWN ***
jayme1987: shows [Ts Qs] (a straight, Ten to Ace)
Sssugarmannn: shows [Th Jc] (a pair of Jacks)
jayme1987 collected $183.25 from pot
*** SUMMARY ***
Total pot $186 | Rake $2.75 
Board [Ad Ks 9h 6h Js]
Seat 1: first_time82 folded before Flop (didn't bet)
Seat 2: MrBarrett82 folded before Flop (didn't bet)
Seat 3: Valkzone folded before Flop (didn't bet)
Seat 4: gaiggibeliin (button blind) folded on the Flop
Seat 5: Sssugarmannn showed [Th Jc] and lost with a pair of Jacks
Seat 6: jayme1987 showed [Ts Qs] and won ($183.25) with a straight, Ten to Ace



PokerStars Hand #196140613665:  6+ Hold'em No Limit (Button Blind $1 - Ante $1  USD) - 2019/01/24 2:02:29 EET [2019/01/23 19:02:29 ET]
Table 'Heidelberga II' 6-max Seat #6 is the button
Seat 1: first_time82 ($93.33 in chips) 
Seat 2: MrBarrett82 ($417.29 in chips) 
Seat 3: Valkzone ($312.49 in chips) 
Seat 4: gaiggibeliin ($254.44 in chips) 
Seat 6: jayme1987 ($246.25 in chips) 
first_time82: posts the ante $1
MrBarrett82: posts the ante $1
Valkzone: posts the ante $1
gaiggibeliin: posts the ante $1
jayme1987: posts the ante $1
jayme1987: posts button blind $1
*** HOLE CARDS ***
Dealt to gaiggibeliin [9h Js]
first_time82: folds 
MrBarrett82: calls $1
Valkzone: calls $1
gaiggibeliin: calls $1
jayme1987: raises $9 to $10
MrBarrett82: calls $9
Valkzone: folds 
gaiggibeliin: calls $9
*** FLOP *** [Ah Kd Kc]
MrBarrett82: checks 
gaiggibeliin: checks 
jayme1987: bets $11.29
MrBarrett82: folds 
gaiggibeliin: folds 
Uncalled bet ($11.29) returned to jayme1987
jayme1987 collected $34.20 from pot
*** SUMMARY ***
Total pot $36 | Rake $1.80 
Board [Ah Kd Kc]
Seat 1: first_time82 folded before Flop (didn't bet)
Seat 2: MrBarrett82 folded on the Flop
Seat 3: Valkzone folded before Flop
Seat 4: gaiggibeliin folded on the Flop
Seat 6: jayme1987 (button blind) collected ($34.20)



PokerStars Hand #196140657712:  6+ Hold'em No Limit (Button Blind $1 - Ante $1  USD) - 2019/01/24 2:03:49 EET [2019/01/23 19:03:49 ET]
Table 'Heidelberga II' 6-max Seat #1 is the button
Seat 1: first_time82 ($92.33 in chips) 
Seat 2: MrBarrett82 ($406.29 in chips) 
Seat 3: Valkzone ($310.49 in chips) 
Seat 4: gaiggibeliin ($243.44 in chips) 
Seat 5: Sssugarmannn ($100 in chips) 
Seat 6: jayme1987 ($269.45 in chips) 
first_time82: posts the ante $1
MrBarrett82: posts the ante $1
Valkzone: posts the ante $1
gaiggibeliin: posts the ante $1
Sssugarmannn: posts the ante $1
jayme1987: posts the ante $1
first_time82: posts button blind $1
Sssugarmannn: posts big blind $1
*** HOLE CARDS ***
Dealt to gaiggibeliin [9s Ks]
MrBarrett82: calls $1
Valkzone: folds 
gaiggibeliin: calls $1
Sssugarmannn: checks 
jayme1987: calls $1
first_time82: checks 
*** FLOP *** [8s Td Ac]
MrBarrett82: checks 
gaiggibeliin: checks 
Sssugarmannn: checks 
jayme1987: checks 
first_time82: checks 
*** TURN *** [8s Td Ac] [Ad]
MrBarrett82: bets $8
gaiggibeliin: folds 
Sssugarmannn: folds 
jayme1987: folds 
first_time82: folds 
Uncalled bet ($8) returned to MrBarrett82
MrBarrett82 collected $10.45 from pot
MrBarrett82: doesn't show hand 
*** SUMMARY ***
Total pot $11 | Rake $0.55 
Board [8s Td Ac Ad]
Seat 1: first_time82 (button blind) folded on the Turn
Seat 2: MrBarrett82 collected ($10.45)
Seat 3: Valkzone folded before Flop (didn't bet)
Seat 4: gaiggibeliin folded on the Turn
Seat 5: Sssugarmannn folded on the Turn (didn't bet)
Seat 6: jayme1987 folded on the Turn



PokerStars Hand #196140703525:  6+ Hold'em No Limit (Button Blind $1 - Ante $1  USD) - 2019/01/24 2:05:13 EET [2019/01/23 19:05:13 ET]
Table 'Heidelberga II' 6-max Seat #2 is the button
Seat 1: first_time82 ($90.33 in chips) 
Seat 2: MrBarrett82 ($414.74 in chips) 
Seat 3: Valkzone ($309.49 in chips) 
Seat 4: gaiggibeliin ($241.44 in chips) 
Seat 5: Sssugarmannn ($98 in chips) 
Seat 6: jayme1987 ($267.45 in chips) 
first_time82: posts the ante $1
MrBarrett82: posts the ante $1
Valkzone: posts the ante $1
gaiggibeliin: posts the ante $1
Sssugarmannn: posts the ante $1
jayme1987: posts the ante $1
MrBarrett82: posts button blind $1
*** HOLE CARDS ***
Dealt to gaiggibeliin [7s Qs]
Valkzone: folds 
gaiggibeliin: folds 
Sssugarmannn: raises $8 to $9
jayme1987: folds 
first_time82: calls $9
MrBarrett82: folds 
*** FLOP *** [7h Ah Jh]
Sssugarmannn: checks 
first_time82: checks 
*** TURN *** [7h Ah Jh] [7c]
Sssugarmannn: bets $7
first_time82: folds 
Uncalled bet ($7) returned to Sssugarmannn
Sssugarmannn collected $23.75 from pot
Sssugarmannn: doesn't show hand 
*** SUMMARY ***
Total pot $25 | Rake $1.25 
Board [7h Ah Jh 7c]
Seat 1: first_time82 folded on the Turn
Seat 2: MrBarrett82 (button blind) folded before Flop
Seat 3: Valkzone folded before Flop (didn't bet)
Seat 4: gaiggibeliin folded before Flop (didn't bet)
Seat 5: Sssugarmannn collected ($23.75)
Seat 6: jayme1987 folded before Flop (didn't bet)



PokerStars Hand #196140749072:  6+ Hold'em No Limit (Button Blind $1 - Ante $1  USD) - 2019/01/24 2:06:36 EET [2019/01/23 19:06:36 ET]
Table 'Heidelberga II' 6-max Seat #3 is the button
Seat 1: first_time82 ($80.33 in chips) 
Seat 2: MrBarrett82 ($412.74 in chips) 
Seat 3: Valkzone ($308.49 in chips) 
Seat 4: gaiggibeliin ($240.44 in chips) 
Seat 5: Sssugarmannn ($111.75 in chips) 
Seat 6: jayme1987 ($266.45 in chips) 
first_time82: posts the ante $1
MrBarrett82: posts the ante $1
Valkzone: posts the ante $1
gaiggibeliin: posts the ante $1
Sssugarmannn: posts the ante $1
jayme1987: posts the ante $1
Valkzone: posts button blind $1
*** HOLE CARDS ***
Dealt to gaiggibeliin [Ks 8s]
gaiggibeliin: folds 
Sssugarmannn: raises $1 to $2
jayme1987: raises $7 to $9
first_time82: folds 
MrBarrett82: folds 
Valkzone: raises $16 to $25
Sssugarmannn: folds 
jayme1987: calls $16
*** FLOP *** [Ad 9d Jh]
jayme1987: checks 
Valkzone: bets $25
jayme1987: calls $25
*** TURN *** [Ad 9d Jh] [Tc]
jayme1987: checks 
Valkzone: bets $50
jayme1987: folds 
Uncalled bet ($50) returned to Valkzone
Valkzone collected $105.25 from pot
Valkzone: doesn't show hand 
*** SUMMARY ***
Total pot $108 | Rake $2.75 
Board [Ad 9d Jh Tc]
Seat 1: first_time82 folded before Flop (didn't bet)
Seat 2: MrBarrett82 folded before Flop (didn't bet)
Seat 3: Valkzone (button blind) collected ($105.25)
Seat 4: gaiggibeliin folded before Flop (didn't bet)
Seat 5: Sssugarmannn folded before Flop
Seat 6: jayme1987 folded on the Turn



PokerStars Hand #196140798980:  6+ Hold'em No Limit (Button Blind $1 - Ante $1  USD) - 2019/01/24 2:08:09 EET [2019/01/23 19:08:09 ET]
Table 'Heidelberga II' 6-max Seat #4 is the button
Seat 1: first_time82 ($79.33 in chips) 
Seat 2: MrBarrett82 ($411.74 in chips) 
Seat 3: Valkzone ($362.74 in chips) 
Seat 4: gaiggibeliin ($239.44 in chips) 
Seat 5: Sssugarmannn ($108.75 in chips) 
Seat 6: jayme1987 ($215.45 in chips) 
first_time82: posts the ante $1
MrBarrett82: posts the ante $1
Valkzone: posts the ante $1
gaiggibeliin: posts the ante $1
Sssugarmannn: posts the ante $1
jayme1987: posts the ante $1
gaiggibeliin: posts button blind $1
*** HOLE CARDS ***
Dealt to gaiggibeliin [7d 6s]
Sssugarmannn: raises $2 to $3
jayme1987: raises $8 to $11
first_time82: folds 
MrBarrett82: folds 
Valkzone: calls $11
gaiggibeliin: folds 
Sssugarmannn: calls $8
*** FLOP *** [Qd Kc 9c]
Sssugarmannn: checks 
jayme1987: checks 
Valkzone: checks 
*** TURN *** [Qd Kc 9c] [7s]
Sssugarmannn: checks 
jayme1987: checks 
Valkzone: checks 
*** RIVER *** [Qd Kc 9c 7s] [Jc]
Sssugarmannn: checks 
jayme1987: bets $20.14
Valkzone: folds 
Sssugarmannn: folds 
Uncalled bet ($20.14) returned to jayme1987
jayme1987 collected $38 from pot
*** SUMMARY ***
Total pot $40 | Rake $2 
Board [Qd Kc 9c 7s Jc]
Seat 1: first_time82 folded before Flop (didn't bet)
Seat 2: MrBarrett82 folded before Flop (didn't bet)
Seat 3: Valkzone folded on the River
Seat 4: gaiggibeliin (button blind) folded before Flop
Seat 5: Sssugarmannn folded on the River
Seat 6: jayme1987 collected ($38)



PokerStars Hand #196140839934:  6+ Hold'em No Limit (Button Blind $1 - Ante $1  USD) - 2019/01/24 2:09:27 EET [2019/01/23 19:09:27 ET]
Table 'Heidelberga II' 6-max Seat #5 is the button
Seat 1: first_time82 ($78.33 in chips) 
Seat 2: MrBarrett82 ($410.74 in chips) 
Seat 3: Valkzone ($350.74 in chips) 
Seat 4: gaiggibeliin ($237.44 in chips) 
Seat 5: Sssugarmannn ($96.75 in chips) 
Seat 6: jayme1987 ($241.45 in chips) 
first_time82: posts the ante $1
MrBarrett82: posts the ante $1
Valkzone: posts the ante $1
gaiggibeliin: posts the ante $1
Sssugarmannn: posts the ante $1
jayme1987: posts the ante $1
Sssugarmannn: posts button blind $1
*** HOLE CARDS ***
Dealt to gaiggibeliin [7h Td]
jayme1987: raises $6 to $7
first_time82: calls $7
MrBarrett82: calls $7
Valkzone: folds 
gaiggibeliin: folds 
Sssugarmannn: folds 
*** FLOP *** [Qc Qh 7c]
jayme1987: checks 
first_time82: checks 
MrBarrett82: bets $13
jayme1987: folds 
first_time82: folds 
Uncalled bet ($13) returned to MrBarrett82
MrBarrett82 collected $26.60 from pot
MrBarrett82: doesn't show hand 
*** SUMMARY ***
Total pot $28 | Rake $1.40 
Board [Qc Qh 7c]
Seat 1: first_time82 folded on the Flop
Seat 2: MrBarrett82 collected ($26.60)
Seat 3: Valkzone folded before Flop (didn't bet)
Seat 4: gaiggibeliin folded before Flop (didn't bet)
Seat 5: Sssugarmannn (button blind) folded before Flop
Seat 6: jayme1987 folded on the Flop



PokerStars Hand #196140885607:  6+ Hold'em No Limit (Button Blind $1 - Ante $1  USD) - 2019/01/24 2:10:53 EET [2019/01/23 19:10:53 ET]
Table 'Heidelberga II' 6-max Seat #6 is the button
Seat 1: first_time82 ($70.33 in chips) 
Seat 2: MrBarrett82 ($429.34 in chips) 
Seat 3: Valkzone ($349.74 in chips) 
Seat 4: gaiggibeliin ($236.44 in chips) 
Seat 5: Sssugarmannn ($94.75 in chips) 
Seat 6: jayme1987 ($233.45 in chips) 
first_time82: posts the ante $1
MrBarrett82: posts the ante $1
Valkzone: posts the ante $1
gaiggibeliin: posts the ante $1
Sssugarmannn: posts the ante $1
jayme1987: posts the ante $1
jayme1987: posts button blind $1
*** HOLE CARDS ***
Dealt to gaiggibeliin [Qh 9d]
first_time82: folds 
MrBarrett82: folds 
Valkzone: raises $4 to $5
gaiggibeliin: folds 
Sssugarmannn: folds 
jayme1987: folds 
Uncalled bet ($4) returned to Valkzone
Valkzone collected $8 from pot
Valkzone: doesn't show hand 
*** SUMMARY ***
Total pot $8 | Rake $0 
Seat 1: first_time82 folded before Flop (didn't bet)
Seat 2: MrBarrett82 folded before Flop (didn't bet)
Seat 3: Valkzone collected ($8)
Seat 4: gaiggibeliin folded before Flop (didn't bet)
Seat 5: Sssugarmannn folded before Flop (didn't bet)
Seat 6: jayme1987 (button blind) folded before Flop



PokerStars Hand #196140897829:  6+ Hold'em No Limit (Button Blind $1 - Ante $1  USD) - 2019/01/24 2:11:16 EET [2019/01/23 19:11:16 ET]
Table 'Heidelberga II' 6-max Seat #1 is the button
Seat 1: first_time82 ($69.33 in chips) 
Seat 2: MrBarrett82 ($428.34 in chips) 
Seat 3: Valkzone ($355.74 in chips) 
Seat 4: gaiggibeliin ($235.44 in chips) 
Seat 5: Sssugarmannn ($93.75 in chips) 
Seat 6: jayme1987 ($231.45 in chips) 
first_time82: posts the ante $1
MrBarrett82: posts the ante $1
Valkzone: posts the ante $1
gaiggibeliin: posts the ante $1
Sssugarmannn: posts the ante $1
jayme1987: posts the ante $1
first_time82: posts button blind $1
*** HOLE CARDS ***
Dealt to gaiggibeliin [9s Jh]
MrBarrett82: folds 
Valkzone: folds 
gaiggibeliin: folds 
Sssugarmannn: raises $2 to $3
jayme1987: raises $7 to $10
first_time82: folds 
Sssugarmannn: calls $7
*** FLOP *** [7c Ad 6d]
Sssugarmannn: checks 
jayme1987: bets $13.59
Sssugarmannn: folds 
Uncalled bet ($13.59) returned to jayme1987
jayme1987 collected $25.65 from pot
*** SUMMARY ***
Total pot $27 | Rake $1.35 
Board [7c Ad 6d]
Seat 1: first_time82 (button blind) folded before Flop
Seat 2: MrBarrett82 folded before Flop (didn't bet)
Seat 3: Valkzone folded before Flop (didn't bet)
Seat 4: gaiggibeliin folded before Flop (didn't bet)
Seat 5: Sssugarmannn folded on the Flop
Seat 6: jayme1987 collected ($25.65)



PokerStars Hand #196140916099:  6+ Hold'em No Limit (Button Blind $1 - Ante $1  USD) - 2019/01/24 2:11:51 EET [2019/01/23 19:11:51 ET]
Table 'Heidelberga II' 6-max Seat #2 is the button
Seat 1: first_time82 ($67.33 in chips) 
Seat 2: MrBarrett82 ($427.34 in chips) 
Seat 3: Valkzone ($354.74 in chips) 
Seat 4: gaiggibeliin ($234.44 in chips) 
Seat 5: Sssugarmannn ($82.75 in chips) 
Seat 6: jayme1987 ($246.10 in chips) 
first_time82: posts the ante $1
MrBarrett82: posts the ante $1
Valkzone: posts the ante $1
gaiggibeliin: posts the ante $1
Sssugarmannn: posts the ante $1
jayme1987: posts the ante $1
MrBarrett82: posts button blind $1
*** HOLE CARDS ***
Dealt to gaiggibeliin [Th Qd]
Valkzone: raises $4 to $5
gaiggibeliin: folds 
Sssugarmannn: raises $4 to $9
jayme1987: calls $9
first_time82: folds 
MrBarrett82: folds 
Valkzone: calls $4
*** FLOP *** [Js 7d Qh]
Valkzone: checks 
Sssugarmannn: checks 
jayme1987: checks 
*** TURN *** [Js 7d Qh] [9d]
Valkzone: bets $15
Sssugarmannn: calls $15
jayme1987: raises $37 to $52
Valkzone: folds 
Sssugarmannn: raises $20.75 to $72.75 and is all-in
jayme1987: calls $20.75
*** RIVER *** [Js 7d Qh 9d] [9c]
*** SHOW DOWN ***
Sssugarmannn: shows [Jc As] (two pair, Jacks and Nines)
jayme1987: shows [Ts Td] (two pair, Tens and Nines)
Sssugarmannn collected $191.75 from pot
*** SUMMARY ***
Total pot $194.50 | Rake $2.75 
Board [Js 7d Qh 9d 9c]
Seat 1: first_time82 folded before Flop (didn't bet)
Seat 2: MrBarrett82 (button blind) folded before Flop
Seat 3: Valkzone folded on the Turn
Seat 4: gaiggibeliin folded before Flop (didn't bet)
Seat 5: Sssugarmannn showed [Jc As] and won ($191.75) with two pair, Jacks and Nines
Seat 6: jayme1987 showed [Ts Td] and lost with two pair, Tens and Nines



PokerStars Hand #196140954433:  6+ Hold'em No Limit (Button Blind $1 - Ante $1  USD) - 2019/01/24 2:13:04 EET [2019/01/23 19:13:04 ET]
Table 'Heidelberga II' 6-max Seat #3 is the button
Seat 2: MrBarrett82 ($425.34 in chips) 
Seat 3: Valkzone ($329.74 in chips) 
Seat 4: gaiggibeliin ($233.44 in chips) 
Seat 5: Sssugarmannn ($191.75 in chips) 
Seat 6: jayme1987 ($163.35 in chips) 
MrBarrett82: posts the ante $1
Valkzone: posts the ante $1
gaiggibeliin: posts the ante $1
Sssugarmannn: posts the ante $1
jayme1987: posts the ante $1
Valkzone: posts button blind $1
*** HOLE CARDS ***
Dealt to gaiggibeliin [Td Ac]
gaiggibeliin: calls $1
Sssugarmannn: folds 
jayme1987: folds 
MrBarrett82: folds 
Valkzone: checks 
*** FLOP *** [Qc 6h Jd]
gaiggibeliin: bets $4.46
Valkzone: calls $4.46
*** TURN *** [Qc 6h Jd] [Kd]
gaiggibeliin: bets $11.34
Valkzone: calls $11.34
*** RIVER *** [Qc 6h Jd Kd] [Kh]
gaiggibeliin: bets $27.50
Valkzone: calls $27.50
*** SHOW DOWN ***
gaiggibeliin: shows [Td Ac] (a straight, Ten to Ace)
Valkzone: mucks hand 
gaiggibeliin collected $90.85 from pot
*** SUMMARY ***
Total pot $93.60 | Rake $2.75 
Board [Qc 6h Jd Kd Kh]
Seat 2: MrBarrett82 folded before Flop (didn't bet)
Seat 3: Valkzone (button blind) mucked [9s Qh]
Seat 4: gaiggibeliin showed [Td Ac] and won ($90.85) with a straight, Ten to Ace
Seat 5: Sssugarmannn folded before Flop (didn't bet)
Seat 6: jayme1987 folded before Flop (didn't bet)



PokerStars Hand #196140999478:  6+ Hold'em No Limit (Button Blind $1 - Ante $1  USD) - 2019/01/24 2:14:16 EET [2019/01/23 19:14:16 ET]
Table 'Heidelberga II' 6-max Seat #4 is the button
Seat 2: MrBarrett82 ($424.34 in chips) 
Seat 3: Valkzone ($284.44 in chips) 
Seat 4: gaiggibeliin ($278.99 in chips) 
Seat 5: Sssugarmannn ($190.75 in chips) 
Seat 6: jayme1987 ($162.35 in chips) 
MrBarrett82: posts the ante $1
Valkzone: posts the ante $1
gaiggibeliin: posts the ante $1
Sssugarmannn: posts the ante $1
jayme1987: posts the ante $1
gaiggibeliin: posts button blind $1
*** HOLE CARDS ***
Dealt to gaiggibeliin [Qc Ah]
Sssugarmannn: raises $2 to $3
jayme1987: folds 
MrBarrett82: folds 
Valkzone: calls $3
gaiggibeliin: calls $2
*** FLOP *** [Kc Ks Qh]
Sssugarmannn: checks 
Valkzone: bets $5
gaiggibeliin: calls $5
Sssugarmannn: folds 
*** TURN *** [Kc Ks Qh] [Js]
first_time82 is disconnected 
Valkzone: bets $10
gaiggibeliin: calls $10
*** RIVER *** [Kc Ks Qh Js] [Kh]
Valkzone: bets $35
gaiggibeliin: calls $35
*** SHOW DOWN ***
Valkzone: shows [6c 7c] (three of a kind, Kings)
gaiggibeliin: shows [Qc Ah] (a full house, Kings full of Queens)
gaiggibeliin collected $111.25 from pot
*** SUMMARY ***
Total pot $114 | Rake $2.75 
Board [Kc Ks Qh Js Kh]
Seat 2: MrBarrett82 folded before Flop (didn't bet)
Seat 3: Valkzone showed [6c 7c] and lost with three of a kind, Kings
Seat 4: gaiggibeliin (button blind) showed [Qc Ah] and won ($111.25) with a full house, Kings full of Queens
Seat 5: Sssugarmannn folded on the Flop
Seat 6: jayme1987 folded before Flop (didn't bet)



PokerStars Hand #196141047335:  6+ Hold'em No Limit (Button Blind $1 - Ante $1  USD) - 2019/01/24 2:15:48 EET [2019/01/23 19:15:48 ET]
Table 'Heidelberga II' 6-max Seat #5 is the button
Seat 2: MrBarrett82 ($423.34 in chips) 
Seat 3: Valkzone ($230.44 in chips) 
Seat 4: gaiggibeliin ($336.24 in chips) 
Seat 5: Sssugarmannn ($186.75 in chips) 
Seat 6: jayme1987 ($161.35 in chips) 
MrBarrett82: posts the ante $1
Valkzone: posts the ante $1
gaiggibeliin: posts the ante $1
Sssugarmannn: posts the ante $1
jayme1987: posts the ante $1
Sssugarmannn: posts button blind $1
*** HOLE CARDS ***
Dealt to gaiggibeliin [9d Jc]
jayme1987: folds 
MrBarrett82: calls $1
Valkzone: calls $1
gaiggibeliin: folds 
Sssugarmannn: checks 
*** FLOP *** [Th 6h 7s]
MrBarrett82: checks 
Valkzone: checks 
Sssugarmannn: checks 
*** TURN *** [Th 6h 7s] [Ac]
MrBarrett82: checks 
Valkzone: bets $3
Sssugarmannn: folds 
MrBarrett82: folds 
Uncalled bet ($3) returned to Valkzone
Valkzone collected $7.60 from pot
Valkzone: doesn't show hand 
*** SUMMARY ***
Total pot $8 | Rake $0.40 
Board [Th 6h 7s Ac]
Seat 2: MrBarrett82 folded on the Turn
Seat 3: Valkzone collected ($7.60)
Seat 4: gaiggibeliin folded before Flop (didn't bet)
Seat 5: Sssugarmannn (button blind) folded on the Turn
Seat 6: jayme1987 folded before Flop (didn't bet)



PokerStars Hand #196141075095:  6+ Hold'em No Limit (Button Blind $1 - Ante $1  USD) - 2019/01/24 2:16:42 EET [2019/01/23 19:16:42 ET]
Table 'Heidelberga II' 6-max Seat #6 is the button
Seat 1: first_time82 ($66.33 in chips) 
Seat 2: MrBarrett82 ($421.34 in chips) 
Seat 3: Valkzone ($236.04 in chips) 
Seat 4: gaiggibeliin ($335.24 in chips) 
Seat 5: Sssugarmannn ($184.75 in chips) 
Seat 6: jayme1987 ($160.35 in chips) 
first_time82: posts the ante $1
MrBarrett82: posts the ante $1
Valkzone: posts the ante $1
gaiggibeliin: posts the ante $1
Sssugarmannn: posts the ante $1
jayme1987: posts the ante $1
jayme1987: posts button blind $1
*** HOLE CARDS ***
Dealt to gaiggibeliin [Qc 9h]
first_time82: folds 
MrBarrett82: folds 
Valkzone: raises $5 to $6
gaiggibeliin: folds 
Sssugarmannn: calls $6
jayme1987: raises $15 to $21
Valkzone: calls $15
Sssugarmannn: calls $15
*** FLOP *** [7h Jc Ts]
Valkzone: checks 
Sssugarmannn: checks 
jayme1987: bets $35.11
Valkzone: calls $35.11
Sssugarmannn: folds 
*** TURN *** [7h Jc Ts] [Js]
Valkzone: checks 
jayme1987: checks 
*** RIVER *** [7h Jc Ts Js] [Jh]
Valkzone: checks 
jayme1987: bets $103.24 and is all-in
Valkzone: folds 
Uncalled bet ($103.24) returned to jayme1987
jayme1987 collected $136.47 from pot
*** SUMMARY ***
Total pot $139.22 | Rake $2.75 
Board [7h Jc Ts Js Jh]
Seat 1: first_time82 folded before Flop (didn't bet)
Seat 2: MrBarrett82 folded before Flop (didn't bet)
Seat 3: Valkzone folded on the River
Seat 4: gaiggibeliin folded before Flop (didn't bet)
Seat 5: Sssugarmannn folded on the Flop
Seat 6: jayme1987 (button blind) collected ($136.47)



PokerStars Hand #196141109364:  6+ Hold'em No Limit (Button Blind $1 - Ante $1  USD) - 2019/01/24 2:17:48 EET [2019/01/23 19:17:48 ET]
Table 'Heidelberga II' 6-max Seat #1 is the button
Seat 1: first_time82 ($65.33 in chips) 
Seat 2: MrBarrett82 ($420.34 in chips) 
Seat 3: Valkzone ($178.93 in chips) 
Seat 4: gaiggibeliin ($334.24 in chips) 
Seat 5: Sssugarmannn ($162.75 in chips) 
Seat 6: jayme1987 ($239.71 in chips) 
first_time82: posts the ante $1
MrBarrett82: posts the ante $1
Valkzone: posts the ante $1
gaiggibeliin: posts the ante $1
Sssugarmannn: posts the ante $1
jayme1987: posts the ante $1
first_time82: posts button blind $1
*** HOLE CARDS ***
Dealt to gaiggibeliin [As Kc]
MrBarrett82: calls $1
Valkzone: folds 
gaiggibeliin: raises $9 to $10
Sssugarmannn: calls $10
jayme1987: folds 
first_time82: calls $9
MrBarrett82: folds 
*** FLOP *** [9d 9s Kh]
gaiggibeliin: bets $11.60
Sssugarmannn: calls $11.60
first_time82: folds 
*** TURN *** [9d 9s Kh] [Td]
gaiggibeliin: checks 
Sssugarmannn: checks 
*** RIVER *** [9d 9s Kh Td] [8h]
gaiggibeliin: bets $18.96
first_time82 leaves the table
Sssugarmannn: folds 
Uncalled bet ($18.96) returned to gaiggibeliin
gaiggibeliin collected $57.45 from pot
sjohnny200 joins the table at seat #1 
*** SUMMARY ***
Total pot $60.20 | Rake $2.75 
Board [9d 9s Kh Td 8h]
Seat 1: first_time82 (button blind) folded on the Flop
Seat 2: MrBarrett82 folded before Flop
Seat 3: Valkzone folded before Flop (didn't bet)
Seat 4: gaiggibeliin collected ($57.45)
Seat 5: Sssugarmannn folded on the River
Seat 6: jayme1987 folded before Flop (didn't bet)



PokerStars Hand #196141145776:  6+ Hold'em No Limit (Button Blind $1 - Ante $1  USD) - 2019/01/24 2:18:59 EET [2019/01/23 19:18:59 ET]
Table 'Heidelberga II' 6-max Seat #2 is the button
Seat 1: sjohnny200 ($150 in chips) 
Seat 2: MrBarrett82 ($418.34 in chips) 
Seat 3: Valkzone ($177.93 in chips) 
Seat 4: gaiggibeliin ($369.09 in chips) 
Seat 5: Sssugarmannn ($140.15 in chips) 
Seat 6: jayme1987 ($238.71 in chips) 
sjohnny200: posts the ante $1
MrBarrett82: posts the ante $1
Valkzone: posts the ante $1
gaiggibeliin: posts the ante $1
Sssugarmannn: posts the ante $1
jayme1987: posts the ante $1
MrBarrett82: posts button blind $1
*** HOLE CARDS ***
Dealt to gaiggibeliin [Ks Ts]
Valkzone: raises $4.40 to $5.40
gaiggibeliin: calls $5.40
Sssugarmannn: raises $4.40 to $9.80
jayme1987: folds 
sjohnny200: folds 
MrBarrett82: folds 
Valkzone: calls $4.40
gaiggibeliin: calls $4.40
*** FLOP *** [Ah Ac 7c]
Valkzone: checks 
gaiggibeliin: checks 
Sssugarmannn: checks 
*** TURN *** [Ah Ac 7c] [Th]
Valkzone: checks 
gaiggibeliin: checks 
Sssugarmannn: checks 
*** RIVER *** [Ah Ac 7c Th] [6c]
Valkzone: checks 
gaiggibeliin: checks 
Sssugarmannn: checks 
*** SHOW DOWN ***
Valkzone: shows [Kh 6h] (two pair, Aces and Sixes)
gaiggibeliin: shows [Ks Ts] (two pair, Aces and Tens)
Sssugarmannn: mucks hand 
gaiggibeliin collected $34.58 from pot
*** SUMMARY ***
Total pot $36.40 | Rake $1.82 
Board [Ah Ac 7c Th 6c]
Seat 1: sjohnny200 folded before Flop (didn't bet)
Seat 2: MrBarrett82 (button blind) folded before Flop
Seat 3: Valkzone showed [Kh 6h] and lost with two pair, Aces and Sixes
Seat 4: gaiggibeliin showed [Ks Ts] and won ($34.58) with two pair, Aces and Tens
Seat 5: Sssugarmannn mucked [Kd Qd]
Seat 6: jayme1987 folded before Flop (didn't bet)



PokerStars Hand #196141177215:  6+ Hold'em No Limit (Button Blind $1 - Ante $1  USD) - 2019/01/24 2:20:01 EET [2019/01/23 19:20:01 ET]
Table 'Heidelberga II' 6-max Seat #3 is the button
Seat 1: sjohnny200 ($149 in chips) 
Seat 2: MrBarrett82 ($416.34 in chips) 
Seat 3: Valkzone ($167.13 in chips) 
Seat 4: gaiggibeliin ($392.87 in chips) 
Seat 5: Sssugarmannn ($129.35 in chips) 
Seat 6: jayme1987 ($237.71 in chips) 
sjohnny200: posts the ante $1
MrBarrett82: posts the ante $1
Valkzone: posts the ante $1
gaiggibeliin: posts the ante $1
Sssugarmannn: posts the ante $1
jayme1987: posts the ante $1
Valkzone: posts button blind $1
*** HOLE CARDS ***
Dealt to gaiggibeliin [Ks 7s]
gaiggibeliin: folds 
Sssugarmannn: calls $1
jayme1987: folds 
sjohnny200: raises $2 to $3
MrBarrett82: calls $3
Valkzone: calls $2
Sssugarmannn: calls $2
*** FLOP *** [Th As 7h]
Sssugarmannn: checks 
sjohnny200: checks 
MrBarrett82: checks 
Valkzone: bets $8
Sssugarmannn: folds 
sjohnny200: calls $8
MrBarrett82: raises $159 to $167
Valkzone: folds 
sjohnny200: folds 
Uncalled bet ($159) returned to MrBarrett82
MrBarrett82 collected $39.90 from pot
MrBarrett82: doesn't show hand 
*** SUMMARY ***
Total pot $42 | Rake $2.10 
Board [Th As 7h]
Seat 1: sjohnny200 folded on the Flop
Seat 2: MrBarrett82 collected ($39.90)
Seat 3: Valkzone (button blind) folded on the Flop
Seat 4: gaiggibeliin folded before Flop (didn't bet)
Seat 5: Sssugarmannn folded on the Flop
Seat 6: jayme1987 folded before Flop (didn't bet)



PokerStars Hand #196141214769:  6+ Hold'em No Limit (Button Blind $1 - Ante $1  USD) - 2019/01/24 2:21:16 EET [2019/01/23 19:21:16 ET]
Table 'Heidelberga II' 6-max Seat #4 is the button
Seat 1: sjohnny200 ($150 in chips) 
Seat 2: MrBarrett82 ($444.24 in chips) 
Seat 3: Valkzone ($155.13 in chips) 
Seat 4: gaiggibeliin ($391.87 in chips) 
Seat 5: Sssugarmannn ($125.35 in chips) 
Seat 6: jayme1987 ($236.71 in chips) 
sjohnny200: posts the ante $1
MrBarrett82: posts the ante $1
Valkzone: posts the ante $1
gaiggibeliin: posts the ante $1
Sssugarmannn: posts the ante $1
jayme1987: posts the ante $1
gaiggibeliin: posts button blind $1
*** HOLE CARDS ***
Dealt to gaiggibeliin [Jh Ad]
Sssugarmannn: raises $8 to $9
jayme1987: folds 
sjohnny200: folds 
MrBarrett82: calls $9
Valkzone: folds 
gaiggibeliin: calls $8
*** FLOP *** [Tc 7s 7d]
Sssugarmannn: checks 
MrBarrett82: checks 
gaiggibeliin: bets $16.30
Sssugarmannn: calls $16.30
MrBarrett82: folds 
*** TURN *** [Tc 7s 7d] [Qh]
Sssugarmannn: checks 
gaiggibeliin: checks 
*** RIVER *** [Tc 7s 7d Qh] [Qs]
Sssugarmannn: bets $62.85
gaiggibeliin has timed out
gaiggibeliin: folds 
Uncalled bet ($62.85) returned to Sssugarmannn
Sssugarmannn collected $62.85 from pot
Sssugarmannn: doesn't show hand 
*** SUMMARY ***
Total pot $65.60 | Rake $2.75 
Board [Tc 7s 7d Qh Qs]
Seat 1: sjohnny200 folded before Flop (didn't bet)
Seat 2: MrBarrett82 folded on the Flop
Seat 3: Valkzone folded before Flop (didn't bet)
Seat 4: gaiggibeliin (button blind) folded on the River
Seat 5: Sssugarmannn collected ($62.85)
Seat 6: jayme1987 folded before Flop (didn't bet)



PokerStars Hand #196141297393:  6+ Hold'em No Limit (Button Blind $1 - Ante $1  USD) - 2019/01/24 2:24:01 EET [2019/01/23 19:24:01 ET]
Table 'Heidelberga II' 6-max Seat #6 is the button
Seat 1: sjohnny200 ($145 in chips) 
Seat 2: MrBarrett82 ($433.24 in chips) 
Seat 3: Valkzone ($193.97 in chips) 
Seat 4: gaiggibeliin ($365.57 in chips) 
Seat 5: Sssugarmannn ($125.31 in chips) 
Seat 6: jayme1987 ($234.71 in chips) 
sjohnny200: posts the ante $1
MrBarrett82: posts the ante $1
Valkzone: posts the ante $1
gaiggibeliin: posts the ante $1
Sssugarmannn: posts the ante $1
jayme1987: posts the ante $1
jayme1987: posts button blind $1
*** HOLE CARDS ***
Dealt to gaiggibeliin [6h Js]
sjohnny200: folds 
MrBarrett82: folds 
Valkzone: folds 
gaiggibeliin: folds 
Sssugarmannn: raises $2 to $3
jayme1987: raises $9 to $12
Sssugarmannn: calls $9
*** FLOP *** [8h Kh Qc]
Sssugarmannn: checks 
jayme1987: bets $9.41
Sssugarmannn: raises $47.32 to $56.73
jayme1987: folds 
Uncalled bet ($47.32) returned to Sssugarmannn
Sssugarmannn collected $46.38 from pot
Sssugarmannn: doesn't show hand 
*** SUMMARY ***
Total pot $48.82 | Rake $2.44 
Board [8h Kh Qc]
Seat 1: sjohnny200 folded before Flop (didn't bet)
Seat 2: MrBarrett82 folded before Flop (didn't bet)
Seat 3: Valkzone folded before Flop (didn't bet)
Seat 4: gaiggibeliin folded before Flop (didn't bet)
Seat 5: Sssugarmannn collected ($46.38)
Seat 6: jayme1987 (button blind) folded on the Flop



PokerStars Hand #196141323025:  6+ Hold'em No Limit (Button Blind $1 - Ante $1  USD) - 2019/01/24 2:24:53 EET [2019/01/23 19:24:53 ET]
Table 'Heidelberga II' 6-max Seat #1 is the button
Seat 1: sjohnny200 ($144 in chips) 
Seat 2: MrBarrett82 ($432.24 in chips) 
Seat 3: Valkzone ($192.97 in chips) 
Seat 4: gaiggibeliin ($364.57 in chips) 
Seat 5: Sssugarmannn ($149.28 in chips) 
Seat 6: jayme1987 ($212.30 in chips) 
sjohnny200: posts the ante $1
MrBarrett82: posts the ante $1
Valkzone: posts the ante $1
gaiggibeliin: posts the ante $1
Sssugarmannn: posts the ante $1
jayme1987: posts the ante $1
sjohnny200: posts button blind $1
*** HOLE CARDS ***
Dealt to gaiggibeliin [Jd Jc]
MrBarrett82: folds 
Valkzone: folds 
gaiggibeliin: calls $1
Sssugarmannn: calls $1
jayme1987: raises $9 to $10
sjohnny200: calls $9
gaiggibeliin: calls $9
Sssugarmannn: folds 
*** FLOP *** [8c Td 9h]
gaiggibeliin: bets $20
jayme1987: calls $20
sjohnny200: folds 
*** TURN *** [8c Td 9h] [Qh]
gaiggibeliin: bets $49.75
jayme1987: folds 
Uncalled bet ($49.75) returned to gaiggibeliin
gaiggibeliin collected $74.25 from pot
*** SUMMARY ***
Total pot $77 | Rake $2.75 
Board [8c Td 9h Qh]
Seat 1: sjohnny200 (button blind) folded on the Flop
Seat 2: MrBarrett82 folded before Flop (didn't bet)
Seat 3: Valkzone folded before Flop (didn't bet)
Seat 4: gaiggibeliin collected ($74.25)
Seat 5: Sssugarmannn folded before Flop
Seat 6: jayme1987 folded on the Turn



PokerStars Hand #196141371301:  6+ Hold'em No Limit (Button Blind $1 - Ante $1  USD) - 2019/01/24 2:26:32 EET [2019/01/23 19:26:32 ET]
Table 'Heidelberga II' 6-max Seat #2 is the button
Seat 1: sjohnny200 ($133 in chips) 
Seat 2: MrBarrett82 ($431.24 in chips) 
Seat 3: Valkzone ($191.97 in chips) 
Seat 4: gaiggibeliin ($407.82 in chips) 
Seat 5: Sssugarmannn ($147.28 in chips) 
Seat 6: jayme1987 ($181.30 in chips) 
sjohnny200: posts the ante $1
MrBarrett82: posts the ante $1
Valkzone: posts the ante $1
gaiggibeliin: posts the ante $1
Sssugarmannn: posts the ante $1
jayme1987: posts the ante $1
MrBarrett82: posts button blind $1
*** HOLE CARDS ***
Dealt to gaiggibeliin [6d 6c]
Valkzone: folds 
gaiggibeliin: calls $1
Sssugarmannn: raises $9 to $10
jayme1987: raises $17 to $27
sjohnny200: folds 
MrBarrett82: folds 
gaiggibeliin: folds 
Sssugarmannn: raises $119.28 to $146.28 and is all-in
jayme1987: folds 
Uncalled bet ($119.28) returned to Sssugarmannn
Sssugarmannn collected $62 from pot
Sssugarmannn: doesn't show hand 
*** SUMMARY ***
Total pot $62 | Rake $0 
Seat 1: sjohnny200 folded before Flop (didn't bet)
Seat 2: MrBarrett82 (button blind) folded before Flop
Seat 3: Valkzone folded before Flop (didn't bet)
Seat 4: gaiggibeliin folded before Flop
Seat 5: Sssugarmannn collected ($62)
Seat 6: jayme1987 folded before Flop



PokerStars Hand #196141391733:  6+ Hold'em No Limit (Button Blind $1 - Ante $1  USD) - 2019/01/24 2:27:13 EET [2019/01/23 19:27:13 ET]
Table 'Heidelberga II' 6-max Seat #3 is the button
Seat 1: sjohnny200 ($149 in chips) 
Seat 2: MrBarrett82 ($429.24 in chips) 
Seat 3: Valkzone ($190.97 in chips) 
Seat 4: gaiggibeliin ($405.82 in chips) 
Seat 5: Sssugarmannn ($181.28 in chips) 
Seat 6: jayme1987 ($153.30 in chips) 
sjohnny200: posts the ante $1
MrBarrett82: posts the ante $1
Valkzone: posts the ante $1
gaiggibeliin: posts the ante $1
Sssugarmannn: posts the ante $1
jayme1987: posts the ante $1
Valkzone: posts button blind $1
*** HOLE CARDS ***
Dealt to gaiggibeliin [7s 6c]
gaiggibeliin: folds 
Sssugarmannn: calls $1
jayme1987: raises $4 to $5
sjohnny200: calls $5
MrBarrett82: folds 
Valkzone: calls $4
Sssugarmannn: calls $4
*** FLOP *** [6h 6s 6d]
Sssugarmannn: checks 
jayme1987: checks 
sjohnny200: bets $14
Valkzone: folds 
Sssugarmannn: calls $14
jayme1987: folds 
*** TURN *** [6h 6s 6d] [8c]
Sssugarmannn: checks 
sjohnny200: bets $20
Sssugarmannn: calls $20
*** RIVER *** [6h 6s 6d 8c] [Jd]
Sssugarmannn: checks 
sjohnny200: bets $41
Sssugarmannn: folds 
Uncalled bet ($41) returned to sjohnny200
sjohnny200 collected $91.25 from pot
sjohnny200: doesn't show hand 
*** SUMMARY ***
Total pot $94 | Rake $2.75 
Board [6h 6s 6d 8c Jd]
Seat 1: sjohnny200 collected ($91.25)
Seat 2: MrBarrett82 folded before Flop (didn't bet)
Seat 3: Valkzone (button blind) folded on the Flop
Seat 4: gaiggibeliin folded before Flop (didn't bet)
Seat 5: Sssugarmannn folded on the River
Seat 6: jayme1987 folded on the Flop



PokerStars Hand #196141430429:  6+ Hold'em No Limit (Button Blind $1 - Ante $1  USD) - 2019/01/24 2:28:33 EET [2019/01/23 19:28:33 ET]
Table 'Heidelberga II' 6-max Seat #4 is the button
Seat 1: sjohnny200 ($200.25 in chips) 
Seat 2: MrBarrett82 ($428.24 in chips) 
Seat 3: Valkzone ($184.97 in chips) 
Seat 4: gaiggibeliin ($404.82 in chips) 
Seat 5: Sssugarmannn ($141.28 in chips) 
Seat 6: jayme1987 ($150 in chips) 
sjohnny200: posts the ante $1
MrBarrett82: posts the ante $1
Valkzone: posts the ante $1
gaiggibeliin: posts the ante $1
Sssugarmannn: posts the ante $1
jayme1987: posts the ante $1
gaiggibeliin: posts button blind $1
*** HOLE CARDS ***
Dealt to gaiggibeliin [8s Th]
Sssugarmannn: raises $2 to $3
jayme1987: raises $7 to $10
sjohnny200: calls $10
MrBarrett82: folds 
Valkzone: calls $10
gaiggibeliin: folds 
Sssugarmannn: calls $7
*** FLOP *** [Js 7c Qh]
Sssugarmannn: checks 
jayme1987: checks 
sjohnny200: bets $16.52
Valkzone: calls $16.52
Sssugarmannn: folds 
jayme1987: folds 
*** TURN *** [Js 7c Qh] [Jd]
sjohnny200: checks 
Valkzone: bets $37
sjohnny200: calls $37
*** RIVER *** [Js 7c Qh Jd] [9c]
sjohnny200: checks 
Valkzone: checks 
*** SHOW DOWN ***
sjohnny200: shows [Kc Qs] (two pair, Queens and Jacks)
Valkzone: shows [Kd Kh] (two pair, Kings and Jacks)
Valkzone collected $151.29 from pot
*** SUMMARY ***
Total pot $154.04 | Rake $2.75 
Board [Js 7c Qh Jd 9c]
Seat 1: sjohnny200 showed [Kc Qs] and lost with two pair, Queens and Jacks
Seat 2: MrBarrett82 folded before Flop (didn't bet)
Seat 3: Valkzone showed [Kd Kh] and won ($151.29) with two pair, Kings and Jacks
Seat 4: gaiggibeliin (button blind) folded before Flop
Seat 5: Sssugarmannn folded on the Flop
Seat 6: jayme1987 folded on the Flop



PokerStars Hand #196141457490:  6+ Hold'em No Limit (Button Blind $1 - Ante $1  USD) - 2019/01/24 2:29:29 EET [2019/01/23 19:29:29 ET]
Table 'Heidelberga II' 6-max Seat #5 is the button
Seat 1: sjohnny200 ($135.73 in chips) 
Seat 2: MrBarrett82 ($427.24 in chips) 
Seat 3: Valkzone ($271.74 in chips) 
Seat 4: gaiggibeliin ($402.82 in chips) 
Seat 5: Sssugarmannn ($130.28 in chips) 
Seat 6: jayme1987 ($150 in chips) 
sjohnny200: posts the ante $1
MrBarrett82: posts the ante $1
Valkzone: posts the ante $1
gaiggibeliin: posts the ante $1
Sssugarmannn: posts the ante $1
jayme1987: posts the ante $1
Sssugarmannn: posts button blind $1
*** HOLE CARDS ***
Dealt to gaiggibeliin [Jh 8d]
jayme1987: calls $1
sjohnny200: calls $1
MrBarrett82: calls $1
Valkzone: folds 
gaiggibeliin: folds 
Sssugarmannn: checks 
*** FLOP *** [9s Jd 7s]
jayme1987: bets $4
sjohnny200: folds 
MrBarrett82: calls $4
Sssugarmannn: calls $4
*** TURN *** [9s Jd 7s] [Ts]
jayme1987: checks 
MrBarrett82: checks 
Sssugarmannn: checks 
*** RIVER *** [9s Jd 7s Ts] [9c]
jayme1987: checks 
MrBarrett82: checks 
Sssugarmannn: checks 
*** SHOW DOWN ***
jayme1987: shows [As Jc] (two pair, Jacks and Nines)
MrBarrett82: shows [Js Ah] (two pair, Jacks and Nines)
Sssugarmannn: shows [Kd 9d] (three of a kind, Nines)
Sssugarmannn collected $20.90 from pot
*** SUMMARY ***
Total pot $22 | Rake $1.10 
Board [9s Jd 7s Ts 9c]
Seat 1: sjohnny200 folded on the Flop
Seat 2: MrBarrett82 showed [Js Ah] and lost with two pair, Jacks and Nines
Seat 3: Valkzone folded before Flop (didn't bet)
Seat 4: gaiggibeliin folded before Flop (didn't bet)
Seat 5: Sssugarmannn (button blind) showed [Kd 9d] and won ($20.90) with three of a kind, Nines
Seat 6: jayme1987 showed [As Jc] and lost with two pair, Jacks and Nines



PokerStars Hand #196141500404:  6+ Hold'em No Limit (Button Blind $1 - Ante $1  USD) - 2019/01/24 2:30:58 EET [2019/01/23 19:30:58 ET]
Table 'Heidelberga II' 6-max Seat #6 is the button
Seat 1: sjohnny200 ($133.73 in chips) 
Seat 2: MrBarrett82 ($421.24 in chips) 
Seat 3: Valkzone ($270.74 in chips) 
Seat 4: gaiggibeliin ($401.82 in chips) 
Seat 5: Sssugarmannn ($145.18 in chips) 
Seat 6: jayme1987 ($150 in chips) 
sjohnny200: posts the ante $1
MrBarrett82: posts the ante $1
Valkzone: posts the ante $1
gaiggibeliin: posts the ante $1
Sssugarmannn: posts the ante $1
jayme1987: posts the ante $1
jayme1987: posts button blind $1
*** HOLE CARDS ***
Dealt to gaiggibeliin [9h 8d]
sjohnny200: raises $2 to $3
MrBarrett82: calls $3
Valkzone: folds 
gaiggibeliin: calls $3
Sssugarmannn: calls $3
jayme1987: calls $2
*** FLOP *** [Tc 9s 9d]
sjohnny200: checks 
MrBarrett82: checks 
gaiggibeliin: bets $12
Sssugarmannn: calls $12
jayme1987: folds 
sjohnny200: folds 
MrBarrett82 has timed out
MrBarrett82: folds 
*** TURN *** [Tc 9s 9d] [Td]
gaiggibeliin: checks 
Sssugarmannn: checks 
*** RIVER *** [Tc 9s 9d Td] [Kd]
gaiggibeliin: bets $28.64
Sssugarmannn: calls $28.64
*** SHOW DOWN ***
gaiggibeliin: shows [9h 8d] (a full house, Nines full of Tens)
Sssugarmannn: mucks hand 
gaiggibeliin collected $99.53 from pot
*** SUMMARY ***
Total pot $102.28 | Rake $2.75 
Board [Tc 9s 9d Td Kd]
Seat 1: sjohnny200 folded on the Flop
Seat 2: MrBarrett82 folded on the Flop
Seat 3: Valkzone folded before Flop (didn't bet)
Seat 4: gaiggibeliin showed [9h 8d] and won ($99.53) with a full house, Nines full of Tens
Seat 5: Sssugarmannn mucked [Js Kc]
Seat 6: jayme1987 (button blind) folded on the Flop



PokerStars Hand #196141543222:  6+ Hold'em No Limit (Button Blind $1 - Ante $1  USD) - 2019/01/24 2:32:27 EET [2019/01/23 19:32:27 ET]
Table 'Heidelberga II' 6-max Seat #1 is the button
Seat 1: sjohnny200 ($129.73 in chips) 
Seat 2: MrBarrett82 ($417.24 in chips) 
Seat 3: Valkzone ($269.74 in chips) 
Seat 4: gaiggibeliin ($456.71 in chips) 
Seat 5: Sssugarmannn ($100.54 in chips) 
Seat 6: jayme1987 ($150 in chips) 
sjohnny200: posts the ante $1
MrBarrett82: posts the ante $1
Valkzone: posts the ante $1
gaiggibeliin: posts the ante $1
Sssugarmannn: posts the ante $1
jayme1987: posts the ante $1
sjohnny200: posts button blind $1
*** HOLE CARDS ***
Dealt to gaiggibeliin [9d 7d]
MrBarrett82: calls $1
Valkzone: folds 
gaiggibeliin: raises $11 to $12
Sssugarmannn: calls $12
jayme1987: folds 
sjohnny200: calls $11
MrBarrett82: folds 
*** FLOP *** [7h 9s 6s]
gaiggibeliin: bets $443.71 and is all-in
Sssugarmannn: calls $87.54 and is all-in
sjohnny200: folds 
Uncalled bet ($356.17) returned to gaiggibeliin
*** TURN *** [7h 9s 6s] [7c]
*** RIVER *** [7h 9s 6s 7c] [Jh]
*** SHOW DOWN ***
gaiggibeliin: shows [9d 7d] (a full house, Sevens full of Nines)
Sssugarmannn: shows [Ts Js] (two pair, Jacks and Sevens)
gaiggibeliin collected $215.33 from pot
*** SUMMARY ***
Total pot $218.08 | Rake $2.75 
Board [7h 9s 6s 7c Jh]
Seat 1: sjohnny200 (button blind) folded on the Flop
Seat 2: MrBarrett82 folded before Flop
Seat 3: Valkzone folded before Flop (didn't bet)
Seat 4: gaiggibeliin showed [9d 7d] and won ($215.33) with a full house, Sevens full of Nines
Seat 5: Sssugarmannn showed [Ts Js] and lost with two pair, Jacks and Sevens
Seat 6: jayme1987 folded before Flop (didn't bet)



PokerStars Hand #196141714463:  6+ Hold'em No Limit (Button Blind $1 - Ante $1  USD) - 2019/01/24 2:38:30 EET [2019/01/23 19:38:30 ET]
Table 'Heidelberga II' 6-max Seat #1 is the button
Seat 1: nikolakas92 ($169.75 in chips) 
Seat 2: MrBarrett82 ($356.24 in chips) 
Seat 3: Valkzone ($371.59 in chips) 
Seat 4: gaiggibeliin ($571.50 in chips) 
Seat 5: Tictic24 ($109.02 in chips) 
Seat 6: jayme1987 ($180.75 in chips) 
nikolakas92: posts the ante $1
MrBarrett82: posts the ante $1
Valkzone: posts the ante $1
gaiggibeliin: posts the ante $1
Tictic24: posts the ante $1
jayme1987: posts the ante $1
nikolakas92: posts button blind $1
gaiggibeliin: posts big blind $1
*** HOLE CARDS ***
Dealt to gaiggibeliin [Ks 6d]
MrBarrett82 has timed out
MrBarrett82: folds 
Valkzone: folds 
gaiggibeliin: checks 
Tictic24: calls $1
jayme1987: folds 
nikolakas92: checks 
*** FLOP *** [Js Qd 6s]
gaiggibeliin: checks 
Tictic24: bets $2
nikolakas92: folds 
gaiggibeliin: folds 
Uncalled bet ($2) returned to Tictic24
Tictic24 collected $8.55 from pot
Tictic24: doesn't show hand 
*** SUMMARY ***
Total pot $9 | Rake $0.45 
Board [Js Qd 6s]
Seat 1: nikolakas92 (button blind) folded on the Flop
Seat 2: MrBarrett82 folded before Flop (didn't bet)
Seat 3: Valkzone folded before Flop (didn't bet)
Seat 4: gaiggibeliin folded on the Flop (didn't bet)
Seat 5: Tictic24 collected ($8.55)
Seat 6: jayme1987 folded before Flop (didn't bet)



PokerStars Hand #196141732630:  6+ Hold'em No Limit (Button Blind $1 - Ante $1  USD) - 2019/01/24 2:39:09 EET [2019/01/23 19:39:09 ET]
Table 'Heidelberga II' 6-max Seat #2 is the button
Seat 1: nikolakas92 ($167.75 in chips) 
Seat 2: MrBarrett82 ($355.24 in chips) 
Seat 3: Valkzone ($370.59 in chips) 
Seat 4: gaiggibeliin ($569.50 in chips) 
Seat 5: Tictic24 ($115.57 in chips) 
Seat 6: jayme1987 ($179.75 in chips) 
nikolakas92: posts the ante $1
MrBarrett82: posts the ante $1
Valkzone: posts the ante $1
gaiggibeliin: posts the ante $1
Tictic24: posts the ante $1
jayme1987: posts the ante $1
MrBarrett82: posts button blind $1
*** HOLE CARDS ***
Dealt to gaiggibeliin [6d 7s]
Valkzone: folds 
gaiggibeliin: folds 
Tictic24: calls $1
jayme1987: folds 
nikolakas92: folds 
MrBarrett82: raises $6 to $7
Tictic24: folds 
Uncalled bet ($6) returned to MrBarrett82
MrBarrett82 collected $8 from pot
MrBarrett82: doesn't show hand 
*** SUMMARY ***
Total pot $8 | Rake $0 
Seat 1: nikolakas92 folded before Flop (didn't bet)
Seat 2: MrBarrett82 (button blind) collected ($8)
Seat 3: Valkzone folded before Flop (didn't bet)
Seat 4: gaiggibeliin folded before Flop (didn't bet)
Seat 5: Tictic24 folded before Flop
Seat 6: jayme1987 folded before Flop (didn't bet)



PokerStars Hand #196141746979:  6+ Hold'em No Limit (Button Blind $1 - Ante $1  USD) - 2019/01/24 2:39:39 EET [2019/01/23 19:39:39 ET]
Table 'Heidelberga II' 6-max Seat #3 is the button
Seat 1: nikolakas92 ($166.75 in chips) 
Seat 2: MrBarrett82 ($361.24 in chips) 
Seat 3: Valkzone ($369.59 in chips) 
Seat 4: gaiggibeliin ($568.50 in chips) 
Seat 5: Tictic24 ($113.57 in chips) 
Seat 6: jayme1987 ($178.75 in chips) 
nikolakas92: posts the ante $1
MrBarrett82: posts the ante $1
Valkzone: posts the ante $1
gaiggibeliin: posts the ante $1
Tictic24: posts the ante $1
jayme1987: posts the ante $1
Valkzone: posts button blind $1
*** HOLE CARDS ***
Dealt to gaiggibeliin [Qh Th]
gaiggibeliin: calls $1
Tictic24: calls $1
jayme1987: folds 
nikolakas92: raises $10 to $11
MrBarrett82: folds 
Valkzone: folds 
gaiggibeliin: calls $10
Tictic24: folds 
*** FLOP *** [Jc Kd Qd]
gaiggibeliin: checks 
nikolakas92: bets $28.50
gaiggibeliin: folds 
Uncalled bet ($28.50) returned to nikolakas92
nikolakas92 collected $28.50 from pot
*** SUMMARY ***
Total pot $30 | Rake $1.50 
Board [Jc Kd Qd]
Seat 1: nikolakas92 collected ($28.50)
Seat 2: MrBarrett82 folded before Flop (didn't bet)
Seat 3: Valkzone (button blind) folded before Flop
Seat 4: gaiggibeliin folded on the Flop
Seat 5: Tictic24 folded before Flop
Seat 6: jayme1987 folded before Flop (didn't bet)



PokerStars Hand #196141786696:  6+ Hold'em No Limit (Button Blind $1 - Ante $1  USD) - 2019/01/24 2:41:05 EET [2019/01/23 19:41:05 ET]
Table 'Heidelberga II' 6-max Seat #4 is the button
Seat 1: nikolakas92 ($183.25 in chips) 
Seat 2: MrBarrett82 ($360.24 in chips) 
Seat 3: Valkzone ($367.59 in chips) 
Seat 4: gaiggibeliin ($556.50 in chips) 
Seat 5: Tictic24 ($111.57 in chips) 
Seat 6: jayme1987 ($177.75 in chips) 
nikolakas92: posts the ante $1
MrBarrett82: posts the ante $1
Valkzone: posts the ante $1
gaiggibeliin: posts the ante $1
Tictic24: posts the ante $1
jayme1987: posts the ante $1
gaiggibeliin: posts button blind $1
*** HOLE CARDS ***
Dealt to gaiggibeliin [8d Qh]
Tictic24: calls $1
jayme1987: raises $7 to $8
nikolakas92: folds 
MrBarrett82: folds 
Valkzone: calls $8
gaiggibeliin: folds 
Tictic24: calls $7
*** FLOP *** [As 9d 7h]
Tictic24: checks 
jayme1987: bets $9.72
Valkzone: calls $9.72
Tictic24: calls $9.72
*** TURN *** [As 9d 7h] [Ks]
Tictic24: checks 
jayme1987: bets $41.34
Valkzone: folds 
Tictic24: calls $41.34
*** RIVER *** [As 9d 7h Ks] [Kc]
Tictic24: checks 
jayme1987: bets $117.69 and is all-in
Tictic24: folds 
Uncalled bet ($117.69) returned to jayme1987
jayme1987 collected $140.09 from pot
*** SUMMARY ***
Total pot $142.84 | Rake $2.75 
Board [As 9d 7h Ks Kc]
Seat 1: nikolakas92 folded before Flop (didn't bet)
Seat 2: MrBarrett82 folded before Flop (didn't bet)
Seat 3: Valkzone folded on the Turn
Seat 4: gaiggibeliin (button blind) folded before Flop
Seat 5: Tictic24 folded on the River
Seat 6: jayme1987 collected ($140.09)



PokerStars Hand #196141818678:  6+ Hold'em No Limit (Button Blind $1 - Ante $1  USD) - 2019/01/24 2:42:14 EET [2019/01/23 19:42:14 ET]
Table 'Heidelberga II' 6-max Seat #5 is the button
Seat 1: nikolakas92 ($182.25 in chips) 
Seat 2: MrBarrett82 ($359.24 in chips) 
Seat 3: Valkzone ($348.87 in chips) 
Seat 4: gaiggibeliin ($554.50 in chips) 
Seat 5: Tictic24 ($51.51 in chips) 
Seat 6: jayme1987 ($257.78 in chips) 
nikolakas92: posts the ante $1
MrBarrett82: posts the ante $1
Valkzone: posts the ante $1
gaiggibeliin: posts the ante $1
Tictic24: posts the ante $1
jayme1987: posts the ante $1
Tictic24: posts button blind $1
*** HOLE CARDS ***
Dealt to gaiggibeliin [7h Kd]
jayme1987: raises $6 to $7
nikolakas92: calls $7
MrBarrett82: calls $7
Valkzone: calls $7
gaiggibeliin: folds 
Tictic24: calls $6
*** FLOP *** [7d Jd Ah]
jayme1987: checks 
nikolakas92: checks 
MrBarrett82: checks 
Valkzone: bets $15
Tictic24: folds 
jayme1987: folds 
nikolakas92: calls $15
MrBarrett82: folds 
*** TURN *** [7d Jd Ah] [Kc]
nikolakas92: checks 
Valkzone: checks 
*** RIVER *** [7d Jd Ah Kc] [Qh]
nikolakas92: bets $68.25
Valkzone: calls $68.25
*** SHOW DOWN ***
nikolakas92: shows [Th Qs] (a straight, Ten to Ace)
Valkzone: mucks hand 
nikolakas92 collected $204.75 from pot
*** SUMMARY ***
Total pot $207.50 | Rake $2.75 
Board [7d Jd Ah Kc Qh]
Seat 1: nikolakas92 showed [Th Qs] and won ($204.75) with a straight, Ten to Ace
Seat 2: MrBarrett82 folded on the Flop
Seat 3: Valkzone mucked [Qc As]
Seat 4: gaiggibeliin folded before Flop (didn't bet)
Seat 5: Tictic24 (button blind) folded on the Flop
Seat 6: jayme1987 folded on the Flop



PokerStars Hand #196141852888:  6+ Hold'em No Limit (Button Blind $1 - Ante $1  USD) - 2019/01/24 2:43:29 EET [2019/01/23 19:43:29 ET]
Table 'Heidelberga II' 6-max Seat #6 is the button
Seat 1: nikolakas92 ($295.75 in chips) 
Seat 2: MrBarrett82 ($351.24 in chips) 
Seat 3: Valkzone ($257.62 in chips) 
Seat 4: gaiggibeliin ($553.50 in chips) 
Seat 5: Tictic24 ($43.51 in chips) 
Seat 6: jayme1987 ($249.78 in chips) 
nikolakas92: posts the ante $1
MrBarrett82: posts the ante $1
Valkzone: posts the ante $1
gaiggibeliin: posts the ante $1
Tictic24: posts the ante $1
jayme1987: posts the ante $1
jayme1987: posts button blind $1
*** HOLE CARDS ***
Dealt to gaiggibeliin [8c Kc]
nikolakas92: folds 
MrBarrett82: calls $1
Valkzone: calls $1
gaiggibeliin: folds 
Tictic24: calls $1
jayme1987: checks 
*** FLOP *** [7d Kh Ah]
MrBarrett82: checks 
Valkzone: checks 
Tictic24: checks 
jayme1987: checks 
*** TURN *** [7d Kh Ah] [7s]
MrBarrett82: checks 
Valkzone: checks 
Tictic24: checks 
jayme1987: checks 
*** RIVER *** [7d Kh Ah 7s] [Ac]
MrBarrett82: checks 
Valkzone: checks 
Tictic24: checks 
jayme1987: checks 
*** SHOW DOWN ***
MrBarrett82: shows [Js Qs] (two pair, Aces and Sevens)
Valkzone: shows [Ts 9h] (two pair, Aces and Sevens)
Tictic24: shows [8s 6s] (two pair, Aces and Sevens)
jayme1987: shows [Jc Qd] (two pair, Aces and Sevens)
MrBarrett82 collected $2.38 from pot
Valkzone collected $2.38 from pot
Tictic24 collected $2.37 from pot
jayme1987 collected $2.37 from pot
*** SUMMARY ***
Total pot $10 | Rake $0.50 
Board [7d Kh Ah 7s Ac]
Seat 1: nikolakas92 folded before Flop (didn't bet)
Seat 2: MrBarrett82 showed [Js Qs] and won ($2.38) with two pair, Aces and Sevens
Seat 3: Valkzone showed [Ts 9h] and won ($2.38) with two pair, Aces and Sevens
Seat 4: gaiggibeliin folded before Flop (didn't bet)
Seat 5: Tictic24 showed [8s 6s] and won ($2.37) with two pair, Aces and Sevens
Seat 6: jayme1987 (button blind) showed [Jc Qd] and won ($2.37) with two pair, Aces and Sevens



PokerStars Hand #196141884098:  6+ Hold'em No Limit (Button Blind $1 - Ante $1  USD) - 2019/01/24 2:44:37 EET [2019/01/23 19:44:37 ET]
Table 'Heidelberga II' 6-max Seat #1 is the button
Seat 1: nikolakas92 ($294.75 in chips) 
Seat 2: MrBarrett82 ($351.62 in chips) 
Seat 3: Valkzone ($258 in chips) 
Seat 4: gaiggibeliin ($552.50 in chips) 
Seat 5: Tictic24 ($43.88 in chips) 
Seat 6: jayme1987 ($250.15 in chips) 
nikolakas92: posts the ante $1
MrBarrett82: posts the ante $1
Valkzone: posts the ante $1
gaiggibeliin: posts the ante $1
Tictic24: posts the ante $1
jayme1987: posts the ante $1
nikolakas92: posts button blind $1
*** HOLE CARDS ***
Dealt to gaiggibeliin [6c 8h]
MrBarrett82: calls $1
Valkzone: folds 
gaiggibeliin: folds 
Tictic24: folds 
jayme1987: raises $7 to $8
nikolakas92: calls $7
MrBarrett82: calls $7
*** FLOP *** [8c Td Tc]
MrBarrett82: checks 
jayme1987: bets $15.11
nikolakas92: calls $15.11
MrBarrett82: folds 
*** TURN *** [8c Td Tc] [9h]
jayme1987: bets $30.46
nikolakas92: calls $30.46
*** RIVER *** [8c Td Tc 9h] [Kh]
jayme1987: checks 
nikolakas92: checks 
*** SHOW DOWN ***
jayme1987: shows [Kd Ts] (a full house, Tens full of Kings)
nikolakas92: mucks hand 
jayme1987 collected $118.39 from pot
*** SUMMARY ***
Total pot $121.14 | Rake $2.75 
Board [8c Td Tc 9h Kh]
Seat 1: nikolakas92 (button blind) mucked [9d Jc]
Seat 2: MrBarrett82 folded on the Flop
Seat 3: Valkzone folded before Flop (didn't bet)
Seat 4: gaiggibeliin folded before Flop (didn't bet)
Seat 5: Tictic24 folded before Flop (didn't bet)
Seat 6: jayme1987 showed [Kd Ts] and won ($118.39) with a full house, Tens full of Kings



PokerStars Hand #196141916992:  6+ Hold'em No Limit (Button Blind $1 - Ante $1  USD) - 2019/01/24 2:45:50 EET [2019/01/23 19:45:50 ET]
Table 'Heidelberga II' 6-max Seat #2 is the button
Seat 1: nikolakas92 ($240.18 in chips) 
Seat 2: MrBarrett82 ($342.62 in chips) 
Seat 3: Valkzone ($257 in chips) 
Seat 4: gaiggibeliin ($551.50 in chips) 
Seat 5: Tictic24 ($42.88 in chips) 
Seat 6: jayme1987 ($313.97 in chips) 
nikolakas92: posts the ante $1
MrBarrett82: posts the ante $1
Valkzone: posts the ante $1
gaiggibeliin: posts the ante $1
Tictic24: posts the ante $1
jayme1987: posts the ante $1
MrBarrett82: posts button blind $1
*** HOLE CARDS ***
Dealt to gaiggibeliin [Kd Kc]
Valkzone: folds 
gaiggibeliin: calls $1
Tictic24: folds 
jayme1987: raises $7 to $8
nikolakas92: calls $8
MrBarrett82: folds 
gaiggibeliin: raises $41 to $49
jayme1987: folds 
nikolakas92: calls $41
*** FLOP *** [Th Ah 7h]
gaiggibeliin: bets $25
nikolakas92: raises $160.25 to $185.25
gaiggibeliin: folds 
Uncalled bet ($160.25) returned to nikolakas92
nikolakas92 collected $160.25 from pot
*** SUMMARY ***
Total pot $163 | Rake $2.75 
Board [Th Ah 7h]
Seat 1: nikolakas92 collected ($160.25)
Seat 2: MrBarrett82 (button blind) folded before Flop
Seat 3: Valkzone folded before Flop (didn't bet)
Seat 4: gaiggibeliin folded on the Flop
Seat 5: Tictic24 folded before Flop (didn't bet)
Seat 6: jayme1987 folded before Flop



PokerStars Hand #196141949887:  6+ Hold'em No Limit (Button Blind $1 - Ante $1  USD) - 2019/01/24 2:47:03 EET [2019/01/23 19:47:03 ET]
Table 'Heidelberga II' 6-max Seat #3 is the button
Seat 1: nikolakas92 ($325.43 in chips) 
Seat 2: MrBarrett82 ($340.62 in chips) 
Seat 3: Valkzone ($256 in chips) 
Seat 4: gaiggibeliin ($476.50 in chips) 
Seat 5: Tictic24 ($41.88 in chips) 
Seat 6: jayme1987 ($304.97 in chips) 
nikolakas92: posts the ante $1
MrBarrett82: posts the ante $1
Valkzone: posts the ante $1
gaiggibeliin: posts the ante $1
Tictic24: posts the ante $1
jayme1987: posts the ante $1
Valkzone: posts button blind $1
*** HOLE CARDS ***
Dealt to gaiggibeliin [Ac Jd]
gaiggibeliin: calls $1
Tictic24: calls $1
jayme1987: folds 
nikolakas92: folds 
MrBarrett82: folds 
Valkzone: checks 
*** FLOP *** [7h Ts As]
gaiggibeliin: bets $5.73
Tictic24: calls $5.73
Valkzone: folds 
*** TURN *** [7h Ts As] [Tc]
gaiggibeliin: bets $10.11
Tictic24: folds 
Uncalled bet ($10.11) returned to gaiggibeliin
gaiggibeliin collected $19.44 from pot
*** SUMMARY ***
Total pot $20.46 | Rake $1.02 
Board [7h Ts As Tc]
Seat 1: nikolakas92 folded before Flop (didn't bet)
Seat 2: MrBarrett82 folded before Flop (didn't bet)
Seat 3: Valkzone (button blind) folded on the Flop
Seat 4: gaiggibeliin collected ($19.44)
Seat 5: Tictic24 folded on the Turn
Seat 6: jayme1987 folded before Flop (didn't bet)



PokerStars Hand #196141970346:  6+ Hold'em No Limit (Button Blind $1 - Ante $1  USD) - 2019/01/24 2:47:49 EET [2019/01/23 19:47:49 ET]
Table 'Heidelberga II' 6-max Seat #4 is the button
Seat 1: nikolakas92 ($324.43 in chips) 
Seat 2: MrBarrett82 ($339.62 in chips) 
Seat 3: Valkzone ($254 in chips) 
Seat 4: gaiggibeliin ($488.21 in chips) 
Seat 5: Tictic24 ($34.15 in chips) 
Seat 6: jayme1987 ($303.97 in chips) 
nikolakas92: posts the ante $1
MrBarrett82: posts the ante $1
Valkzone: posts the ante $1
gaiggibeliin: posts the ante $1
Tictic24: posts the ante $1
jayme1987: posts the ante $1
gaiggibeliin: posts button blind $1
*** HOLE CARDS ***
Dealt to gaiggibeliin [9d Jh]
Tictic24: raises $32.15 to $33.15 and is all-in
jayme1987: folds 
nikolakas92: folds 
MrBarrett82: folds 
Valkzone: calls $33.15
gaiggibeliin: folds 
*** FLOP *** [7s 9s Ad]
*** TURN *** [7s 9s Ad] [Th]
*** RIVER *** [7s 9s Ad Th] [Kc]
*** SHOW DOWN ***
Tictic24: shows [Js Ks] (a pair of Kings)
Valkzone: shows [Tc Jc] (a pair of Tens)
Tictic24 collected $70.55 from pot
*** SUMMARY ***
Total pot $73.30 | Rake $2.75 
Board [7s 9s Ad Th Kc]
Seat 1: nikolakas92 folded before Flop (didn't bet)
Seat 2: MrBarrett82 folded before Flop (didn't bet)
Seat 3: Valkzone showed [Tc Jc] and lost with a pair of Tens
Seat 4: gaiggibeliin (button blind) folded before Flop
Seat 5: Tictic24 showed [Js Ks] and won ($70.55) with a pair of Kings
Seat 6: jayme1987 folded before Flop (didn't bet)



PokerStars Hand #196141982501:  6+ Hold'em No Limit (Button Blind $1 - Ante $1  USD) - 2019/01/24 2:48:16 EET [2019/01/23 19:48:16 ET]
Table 'Heidelberga II' 6-max Seat #5 is the button
Seat 1: nikolakas92 ($323.43 in chips) 
Seat 2: MrBarrett82 ($338.62 in chips) 
Seat 3: Valkzone ($219.85 in chips) 
Seat 4: gaiggibeliin ($486.21 in chips) 
Seat 5: Tictic24 ($70.55 in chips) 
Seat 6: jayme1987 ($302.97 in chips) 
nikolakas92: posts the ante $1
MrBarrett82: posts the ante $1
Valkzone: posts the ante $1
gaiggibeliin: posts the ante $1
Tictic24: posts the ante $1
jayme1987: posts the ante $1
Tictic24: posts button blind $1
*** HOLE CARDS ***
Dealt to gaiggibeliin [8h As]
jayme1987: folds 
nikolakas92: folds 
MrBarrett82: folds 
Valkzone: folds 
gaiggibeliin: calls $1
Tictic24: checks 
*** FLOP *** [9d Ad Ts]
gaiggibeliin: bets $5.09
Tictic24: calls $5.09
*** TURN *** [9d Ad Ts] [6c]
gaiggibeliin: checks 
Tictic24: checks 
*** RIVER *** [9d Ad Ts 6c] [7d]
gaiggibeliin: checks 
Tictic24: checks 
*** SHOW DOWN ***
gaiggibeliin: shows [8h As] (a straight, Six to Ten)
Tictic24: shows [8c Td] (a straight, Six to Ten)
gaiggibeliin collected $8.64 from pot
Tictic24 collected $8.63 from pot
*** SUMMARY ***
Total pot $18.18 | Rake $0.91 
Board [9d Ad Ts 6c 7d]
Seat 1: nikolakas92 folded before Flop (didn't bet)
Seat 2: MrBarrett82 folded before Flop (didn't bet)
Seat 3: Valkzone folded before Flop (didn't bet)
Seat 4: gaiggibeliin showed [8h As] and won ($8.64) with a straight, Six to Ten
Seat 5: Tictic24 (button blind) showed [8c Td] and won ($8.63) with a straight, Six to Ten
Seat 6: jayme1987 folded before Flop (didn't bet)



PokerStars Hand #196141997821:  6+ Hold'em No Limit (Button Blind $1 - Ante $1  USD) - 2019/01/24 2:48:50 EET [2019/01/23 19:48:50 ET]
Table 'Heidelberga II' 6-max Seat #6 is the button
Seat 1: nikolakas92 ($322.43 in chips) 
Seat 2: MrBarrett82 ($337.62 in chips) 
Seat 3: Valkzone ($218.85 in chips) 
Seat 4: gaiggibeliin ($487.76 in chips) 
Seat 5: Tictic24 ($72.09 in chips) 
Seat 6: jayme1987 ($301.97 in chips) 
nikolakas92: posts the ante $1
MrBarrett82: posts the ante $1
Valkzone: posts the ante $1
gaiggibeliin: posts the ante $1
Tictic24: posts the ante $1
jayme1987: posts the ante $1
jayme1987: posts button blind $1
*** HOLE CARDS ***
Dealt to gaiggibeliin [Qs 7d]
nikolakas92: folds 
MrBarrett82: folds 
Valkzone: folds 
gaiggibeliin: folds 
Tictic24: calls $1
jayme1987: raises $5 to $6
Tictic24: calls $5
*** FLOP *** [Ah Th 9c]
Tictic24: checks 
jayme1987: bets $5.64
Tictic24: calls $5.64
*** TURN *** [Ah Th 9c] [6s]
Tictic24: checks 
jayme1987: checks 
*** RIVER *** [Ah Th 9c 6s] [7s]
Tictic24: checks 
jayme1987: checks 
*** SHOW DOWN ***
Tictic24: shows [6d Td] (two pair, Tens and Sixes)
jayme1987: mucks hand 
Tictic24 collected $27.82 from pot
*** SUMMARY ***
Total pot $29.28 | Rake $1.46 
Board [Ah Th 9c 6s 7s]
Seat 1: nikolakas92 folded before Flop (didn't bet)
Seat 2: MrBarrett82 folded before Flop (didn't bet)
Seat 3: Valkzone folded before Flop (didn't bet)
Seat 4: gaiggibeliin folded before Flop (didn't bet)
Seat 5: Tictic24 showed [6d Td] and won ($27.82) with two pair, Tens and Sixes
Seat 6: jayme1987 (button blind) mucked [Kc Qd]



PokerStars Hand #196142024371:  6+ Hold'em No Limit (Button Blind $1 - Ante $1  USD) - 2019/01/24 2:49:50 EET [2019/01/23 19:49:50 ET]
Table 'Heidelberga II' 6-max Seat #1 is the button
Seat 1: nikolakas92 ($321.43 in chips) 
Seat 2: MrBarrett82 ($336.62 in chips) 
Seat 3: Valkzone ($217.85 in chips) 
Seat 4: gaiggibeliin ($486.76 in chips) 
Seat 5: Tictic24 ($87.27 in chips) 
Seat 6: jayme1987 ($289.33 in chips) 
nikolakas92: posts the ante $1
MrBarrett82: posts the ante $1
Valkzone: posts the ante $1
gaiggibeliin: posts the ante $1
Tictic24: posts the ante $1
jayme1987: posts the ante $1
nikolakas92: posts button blind $1
*** HOLE CARDS ***
Dealt to gaiggibeliin [8h Ad]
MrBarrett82: calls $1
Valkzone: folds 
gaiggibeliin: folds 
Tictic24: calls $1
jayme1987: raises $8 to $9
nikolakas92: folds 
MrBarrett82: calls $8
Tictic24: calls $8
*** FLOP *** [7h 9d Kc]
MrBarrett82: checks 
Tictic24: bets $77.27 and is all-in
jayme1987: calls $77.27
MrBarrett82: folds 
*** TURN *** [7h 9d Kc] [8s]
*** RIVER *** [7h 9d Kc 8s] [6c]
*** SHOW DOWN ***
Tictic24: shows [Ks Ts] (a straight, Six to Ten)
jayme1987: shows [Kd Qs] (a pair of Kings)
Tictic24 collected $185.79 from pot
*** SUMMARY ***
Total pot $188.54 | Rake $2.75 
Board [7h 9d Kc 8s 6c]
Seat 1: nikolakas92 (button blind) folded before Flop
Seat 2: MrBarrett82 folded on the Flop
Seat 3: Valkzone folded before Flop (didn't bet)
Seat 4: gaiggibeliin folded before Flop (didn't bet)
Seat 5: Tictic24 showed [Ks Ts] and won ($185.79) with a straight, Six to Ten
Seat 6: jayme1987 showed [Kd Qs] and lost with a pair of Kings



PokerStars Hand #196142053120:  6+ Hold'em No Limit (Button Blind $1 - Ante $1  USD) - 2019/01/24 2:50:54 EET [2019/01/23 19:50:54 ET]
Table 'Heidelberga II' 6-max Seat #2 is the button
Seat 1: nikolakas92 ($319.43 in chips) 
Seat 2: MrBarrett82 ($326.62 in chips) 
Seat 3: Valkzone ($216.85 in chips) 
Seat 4: gaiggibeliin ($485.76 in chips) 
Seat 5: Tictic24 ($185.79 in chips) 
Seat 6: jayme1987 ($202.06 in chips) 
nikolakas92: posts the ante $1
MrBarrett82: posts the ante $1
Valkzone: posts the ante $1
gaiggibeliin: posts the ante $1
Tictic24: posts the ante $1
jayme1987: posts the ante $1
MrBarrett82: posts button blind $1
*** HOLE CARDS ***
Dealt to gaiggibeliin [Kc Qd]
Valkzone: raises $4 to $5
gaiggibeliin: calls $5
Tictic24: calls $5
jayme1987: folds 
nikolakas92: calls $5
MrBarrett82: calls $4
*** FLOP *** [Kd 6c Qc]
Valkzone: checks 
gaiggibeliin: bets $21
Tictic24: folds 
nikolakas92: calls $21
Tictic24 said, "damn nn"
MrBarrett82: folds 
Valkzone: calls $21
*** TURN *** [Kd 6c Qc] [9h]
Valkzone: checks 
Tictic24 said, "so lucky"
gaiggibeliin: bets $47.45
nikolakas92: raises $186.15 to $233.60
Valkzone: folds 
gaiggibeliin: folds 
Uncalled bet ($186.15) returned to nikolakas92
nikolakas92 collected $186.15 from pot
*** SUMMARY ***
Total pot $188.90 | Rake $2.75 
Board [Kd 6c Qc 9h]
Seat 1: nikolakas92 collected ($186.15)
Seat 2: MrBarrett82 (button blind) folded on the Flop
Seat 3: Valkzone folded on the Turn
Seat 4: gaiggibeliin folded on the Turn
Seat 5: Tictic24 folded on the Flop
Seat 6: jayme1987 folded before Flop (didn't bet)



